<?xml version="1.0" encoding="UTF-8"?>
<!DOCTYPE html PUBLIC "-//W3C//DTD XHTML 1.0 Transitional//EN"
    "http://www.w3.org/TR/xhtml1/DTD/xhtml1-transitional.dtd">
<html xmlns="http://www.w3.org/1999/xhtml" xml:lang="en" lang="en">
 <head>
  <title>
</title>
<meta http-equiv="Content-Type" content="text/html;charset=utf-8" />
  <meta name='ocr-system' content='tesseract 3.04.00' />
  <meta name='ocr-capabilities' content='ocr_page ocr_carea ocr_par ocr_line ocrx_word'/>
</head>
<body>
  <div class='ocr_page' id='page_1' title='image "./4769609_0030.png"; bbox 0 0 2519 3449; ppageno 0'>
   <div class='ocr_carea' id='block_1_1' title="bbox 1221 139 1272 176">
    <p class='ocr_par' dir='ltr' id='par_1_1' title="bbox 1221 139 1272 176">
     <span class='ocr_line' id='line_1_1' title="bbox 1221 139 1272 176; baseline 0 0"><span class='ocrx_word' id='word_1_1' title='bbox 1221 139 1272 176; x_wconf 79' lang='lat'>24</span> 
     </span>
    </p>
   </div>
   <div class='ocr_carea' id='block_1_2' title="bbox 99 327 2382 821">
    <p class='ocr_par' dir='ltr' id='par_1_2' title="bbox 99 327 2382 821">
     <span class='ocr_line' id='line_1_2' title="bbox 103 327 2382 381; baseline 0.002 -16"><span class='ocrx_word' id='word_1_2' title='bbox 103 338 176 365; x_wconf 89' lang='lat' dir='ltr'>nec</span> <span class='ocrx_word' id='word_1_3' title='bbox 212 328 392 378; x_wconf 80' lang='lat' dir='ltr'>quemvis</span> <span class='ocrx_word' id='word_1_4' title='bbox 433 340 559 366; x_wconf 87' lang='lat' dir='ltr'>unum</span> <span class='ocrx_word' id='word_1_5' title='bbox 597 328 646 366; x_wconf 89' lang='lat' dir='ltr'>ad</span> <span class='ocrx_word' id='word_1_6' title='bbox 683 340 855 380; x_wconf 86' lang='lat' dir='ltr'>pugnam</span> <span class='ocrx_word' id='word_1_7' title='bbox 894 331 1159 379; x_wconf 88' lang='lat' dir='ltr'>provocarent,</span> <span class='ocrx_word' id='word_1_8' title='bbox 1200 341 1222 366; x_wconf 87' lang='lat' dir='ltr'>a</span> <span class='ocrx_word' id='word_1_9' title='bbox 1261 340 1337 380; x_wconf 93' lang='lat' dir='ltr'>quo</span> <span class='ocrx_word' id='word_1_10' title='bbox 1375 329 1559 367; x_wconf 87' lang='lat' dir='ltr'>iniuriam</span> <span class='ocrx_word' id='word_1_11' title='bbox 1596 329 1659 367; x_wconf 86' lang='lat' dir='ltr'>vel</span> <span class='ocrx_word' id='word_1_12' title='bbox 1696 339 1792 367; x_wconf 85' lang='lat' dir='ltr'>voce</span> <span class='ocrx_word' id='word_1_13' title='bbox 1828 327 1891 366; x_wconf 84' lang='lat' dir='ltr'>vel</span> <span class='ocrx_word' id='word_1_14' title='bbox 1928 327 2042 379; x_wconf 84' lang='lat' dir='ltr'>plaga</span> <span class='ocrx_word' id='word_1_15' title='bbox 2080 330 2273 381; x_wconf 84' lang='lat' dir='ltr'>accepisse</span> <span class='ocrx_word' id='word_1_16' title='bbox 2307 329 2382 369; x_wconf 90' lang='lat' dir='ltr'>sibi</span> 
     </span>
     <span class='ocr_line' id='line_1_3' title="bbox 105 390 2380 443; baseline 0.001 -15"><span class='ocrx_word' id='word_1_17' title='bbox 105 390 343 439; x_wconf 82' lang='lat' dir='ltr'>viderentur,</span> <span class='ocrx_word' id='word_1_18' title='bbox 383 392 496 441; x_wconf 88' lang='lat' dir='ltr'>quasi</span> <span class='ocrx_word' id='word_1_19' title='bbox 536 403 627 429; x_wconf 88' lang='lat' dir='ltr'>vero</span> <span class='ocrx_word' id='word_1_20' title='bbox 666 403 735 442; x_wconf 91' lang='lat' dir='ltr'>per</span> <span class='ocrx_word' id='word_1_21' title='bbox 771 403 812 429; x_wconf 89' lang='lat' dir='ltr'>se</span> <span class='ocrx_word' id='word_1_22' title='bbox 850 392 1036 441; x_wconf 81' lang='lat' dir='ltr'>cuiquam</span> <span class='ocrx_word' id='word_1_23' title='bbox 1074 391 1253 429; x_wconf 82' lang='lat' dir='ltr'>dedecori</span> <span class='ocrx_word' id='word_1_24' title='bbox 1292 396 1402 441; x_wconf 89' lang='lat' dir='ltr'>esset,</span> <span class='ocrx_word' id='word_1_25' title='bbox 1441 392 1626 430; x_wconf 87' lang='lat' dir='ltr'>iniuriam</span> <span class='ocrx_word' id='word_1_26' title='bbox 1664 393 1848 442; x_wconf 89' lang='lat' dir='ltr'>accipere,</span> <span class='ocrx_word' id='word_1_27' title='bbox 1895 403 1940 428; x_wconf 89' lang='lat' dir='ltr'>ac</span> <span class='ocrx_word' id='word_1_28' title='bbox 1977 403 2057 430; x_wconf 91' lang='lat' dir='ltr'>non</span> <span class='ocrx_word' id='word_1_29' title='bbox 2093 393 2238 440; x_wconf 83' lang='lat' dir='ltr'>facere3</span> <span class='ocrx_word' id='word_1_30' title='bbox 2280 405 2380 443; x_wconf 90' lang='lat' dir='ltr'>quae</span> 
     </span>
     <span class='ocr_line' id='line_1_4' title="bbox 103 453 2376 507; baseline 0.001 -15"><span class='ocrx_word' id='word_1_31' title='bbox 103 454 337 506; x_wconf 82' lang='lat' dir='ltr'>perversitas</span> <span class='ocrx_word' id='word_1_32' title='bbox 366 455 486 493; x_wconf 89' lang='lat' dir='ltr'>animi</span> <span class='ocrx_word' id='word_1_33' title='bbox 513 454 641 493; x_wconf 90' lang='lat' dir='ltr'>media</span> <span class='ocrx_word' id='word_1_34' title='bbox 668 457 790 493; x_wconf 87' lang='lat' dir='ltr'>aetate</span> <span class='ocrx_word' id='word_1_35' title='bbox 818 453 865 492; x_wconf 88' lang='lat' dir='ltr'>ab</span> <span class='ocrx_word' id='word_1_36' title='bbox 897 453 1120 493; x_wconf 90' lang='lat' dir='ltr'>hominibus</span> <span class='ocrx_word' id='word_1_37' title='bbox 1156 455 1326 506; x_wconf 85' lang='lat' dir='ltr'>equestri</span> <span class='ocrx_word' id='word_1_38' title='bbox 1360 455 1494 494; x_wconf 88' lang='lat' dir='ltr'>ordine</span> <span class='ocrx_word' id='word_1_39' title='bbox 1522 466 1591 506; x_wconf 91' lang='lat' dir='ltr'>pro</span> <span class='ocrx_word' id='word_1_40' title='bbox 1633 455 1779 494; x_wconf 83' lang='lat' dir='ltr'>eximia</span> <span class='ocrx_word' id='word_1_41' title='bbox 1806 455 1949 493; x_wconf 81' lang='lat' dir='ltr'>virtute</span> <span class='ocrx_word' id='word_1_42' title='bbox 1985 454 2118 494; x_wconf 90' lang='lat' dir='ltr'>haberi</span> <span class='ocrx_word' id='word_1_43' title='bbox 2157 459 2291 507; x_wconf 90' lang='lat' dir='ltr'>coepta</span> <span class='ocrx_word' id='word_1_44' title='bbox 2330 468 2376 496; x_wconf 89' lang='lat' dir='ltr'>ac</span> 
     </span>
     <span class='ocr_line' id='line_1_5' title="bbox 102 516 2376 570; baseline 0.001 -15"><span class='ocrx_word' id='word_1_45' title='bbox 102 517 291 565; x_wconf 89' lang='lat' dir='ltr'>nondum,</span> <span class='ocrx_word' id='word_1_46' title='bbox 321 517 427 568; x_wconf 92' lang='lat' dir='ltr'>quod</span> <span class='ocrx_word' id='word_1_47' title='bbox 455 517 666 554; x_wconf 91' lang='lat' dir='ltr'>dolendum</span> <span class='ocrx_word' id='word_1_48' title='bbox 693 520 761 565; x_wconf 85' lang='lat' dir='ltr'>est,</span> <span class='ocrx_word' id='word_1_49' title='bbox 797 517 837 554; x_wconf 91' lang='lat' dir='ltr'>in</span> <span class='ocrx_word' id='word_1_50' title='bbox 866 528 951 554; x_wconf 88' lang='lat' dir='ltr'>eam</span> <span class='ocrx_word' id='word_1_51' title='bbox 979 519 1209 556; x_wconf 89' lang='lat' dir='ltr'>sententiam</span> <span class='ocrx_word' id='word_1_52' title='bbox 1238 531 1260 556; x_wconf 91' lang='lat' dir='ltr'>a</span> <span class='ocrx_word' id='word_1_53' title='bbox 1286 518 1419 556; x_wconf 90' lang='lat' dir='ltr'>multis</span> <span class='ocrx_word' id='word_1_54' title='bbox 1458 519 1581 569; x_wconf 82' lang='lat' dir='ltr'>accipi</span> <span class='ocrx_word' id='word_1_55' title='bbox 1620 518 1743 555; x_wconf 88' lang='lat' dir='ltr'>desita</span> <span class='ocrx_word' id='word_1_56' title='bbox 1770 521 1836 556; x_wconf 90' lang='lat' dir='ltr'>est.</span> <span class='ocrx_word' id='word_1_57' title='bbox 1892 516 1969 555; x_wconf 89' lang='lat' dir='ltr'>Sed</span> <span class='ocrx_word' id='word_1_58' title='bbox 2007 518 2068 555; x_wconf 81' lang='lat' dir='ltr'>vir</span> <span class='ocrx_word' id='word_1_59' title='bbox 2104 518 2214 557; x_wconf 88' lang='lat' dir='ltr'>fortis</span> <span class='ocrx_word' id='word_1_60' title='bbox 2253 530 2376 570; x_wconf 90' lang='lat' dir='ltr'>quum</span> 
     </span>
     <span class='ocr_line' id='line_1_6' title="bbox 99 581 2377 630; baseline 0.001 -12"><span class='ocrx_word' id='word_1_61' title='bbox 99 592 215 619; x_wconf 89' lang='lat' dir='ltr'>nemo</span> <span class='ocrx_word' id='word_1_62' title='bbox 244 592 328 618; x_wconf 88' lang='lat' dir='ltr'>esse</span> <span class='ocrx_word' id='word_1_63' title='bbox 354 585 491 630; x_wconf 90' lang='lat' dir='ltr'>posset,</span> <span class='ocrx_word' id='word_1_64' title='bbox 521 581 617 630; x_wconf 91' lang='lat' dir='ltr'>quin</span> <span class='ocrx_word' id='word_1_65' title='bbox 645 583 746 618; x_wconf 87' lang='lat' dir='ltr'>vires</span> <span class='ocrx_word' id='word_1_66' title='bbox 775 582 946 630; x_wconf 90' lang='lat' dir='ltr'>corporis</span> <span class='ocrx_word' id='word_1_67' title='bbox 976 593 1093 630; x_wconf 89' lang='lat' dir='ltr'>quam</span> <span class='ocrx_word' id='word_1_68' title='bbox 1124 583 1296 620; x_wconf 81' lang='lat' dir='ltr'>maxime</span> <span class='ocrx_word' id='word_1_69' title='bbox 1324 582 1573 629; x_wconf 78' lang='lat' dir='ltr'>excoluisset,</span> <span class='ocrx_word' id='word_1_70' title='bbox 1603 582 1699 630; x_wconf 88' lang='lat' dir='ltr'>quin</span> <span class='ocrx_word' id='word_1_71' title='bbox 1727 581 1915 628; x_wconf 75' lang='lat' dir='ltr'>saltando,</span> <span class='ocrx_word' id='word_1_72' title='bbox 1944 581 2147 630; x_wconf 88' lang='lat' dir='ltr'>currendo,</span> <span class='ocrx_word' id='word_1_73' title='bbox 2183 582 2377 630; x_wconf 79' lang='lat' dir='ltr'>luctando,</span> 
     </span>
     <span class='ocr_line' id='line_1_7' title="bbox 101 642 2375 696; baseline 0.001 -14"><span class='ocrx_word' id='word_1_74' title='bbox 101 642 209 682; x_wconf 90' lang='lat' dir='ltr'>disco</span> <span class='ocrx_word' id='word_1_75' title='bbox 237 643 413 682; x_wconf 88' lang='lat' dir='ltr'>iaciendo</span> <span class='ocrx_word' id='word_1_76' title='bbox 440 655 524 682; x_wconf 90' lang='lat' dir='ltr'>sese</span> <span class='ocrx_word' id='word_1_77' title='bbox 551 643 800 693; x_wconf 88' lang='lat' dir='ltr'>exercuisset,</span> <span class='ocrx_word' id='word_1_78' title='bbox 828 647 984 695; x_wconf 91' lang='lat' dir='ltr'>propter</span> <span class='ocrx_word' id='word_1_79' title='bbox 1010 643 1084 683; x_wconf 92' lang='lat' dir='ltr'>hoc</span> <span class='ocrx_word' id='word_1_80' title='bbox 1111 645 1240 696; x_wconf 90' lang='lat' dir='ltr'>ipsum</span> <span class='ocrx_word' id='word_1_81' title='bbox 1269 645 1337 696; x_wconf 91' lang='lat' dir='ltr'>qui</span> <span class='ocrx_word' id='word_1_82' title='bbox 1365 644 1424 683; x_wconf 91' lang='lat' dir='ltr'>his</span> <span class='ocrx_word' id='word_1_83' title='bbox 1451 643 1568 683; x_wconf 90' lang='lat' dir='ltr'>rebus</span> <span class='ocrx_word' id='word_1_84' title='bbox 1602 642 1828 694; x_wconf 81' lang='lat' dir='ltr'>excellebat,</span> <span class='ocrx_word' id='word_1_85' title='bbox 1862 642 1965 695; x_wconf 88' lang='lat' dir='ltr'>apud</span> <span class='ocrx_word' id='word_1_86' title='bbox 2000 655 2134 683; x_wconf 89' lang='lat' dir='ltr'>omnes</span> <span class='ocrx_word' id='word_1_87' title='bbox 2161 645 2202 684; x_wconf 91' lang='lat' dir='ltr'>in</span> <span class='ocrx_word' id='word_1_88' title='bbox 2232 645 2375 684; x_wconf 86' lang='lat' dir='ltr'>honore</span> 
     </span>
     <span class='ocr_line' id='line_1_8' title="bbox 106 701 2375 759; baseline 0.001 -15"><span class='ocrx_word' id='word_1_89' title='bbox 106 711 197 745; x_wconf 88' lang='lat' dir='ltr'>erat.</span> <span class='ocrx_word' id='word_1_90' title='bbox 252 707 364 755; x_wconf 89' lang='lat' dir='ltr'>Nam,</span> <span class='ocrx_word' id='word_1_91' title='bbox 392 711 435 744; x_wconf 90' lang='lat' dir='ltr'>ut</span> <span class='ocrx_word' id='word_1_92' title='bbox 462 708 515 744; x_wconf 90' lang='lat' dir='ltr'>ait</span> <span class='ocrx_word' id='word_1_93' title='bbox 542 706 646 756; x_wconf 90' lang='lat' dir='ltr'>apud</span> <span class='ocrx_word' id='word_1_94' title='bbox 674 706 868 744; x_wconf 87' lang='lat' dir='ltr'>Phaeaces</span> <span class='ocrx_word' id='word_1_95' title='bbox 896 707 1127 757; x_wconf 90' lang='lat' dir='ltr'>Laodamus,</span> <span class='ocrx_word' id='word_1_96' title='bbox 1157 709 1227 756; x_wconf 88' lang='lat' dir='ltr'>vir,</span> <span class='ocrx_word' id='word_1_97' title='bbox 1249 708 1352 758; x_wconf 92' lang='lat' dir='ltr'>quod</span> <span class='ocrx_word' id='word_1_98' title='bbox 1381 707 1546 758; x_wconf 91' lang='lat' dir='ltr'>pedibus</span> <span class='ocrx_word' id='word_1_99' title='bbox 1566 707 1766 745; x_wconf 88' lang='lat' dir='ltr'>velocibus</span> <span class='ocrx_word' id='word_1_100' title='bbox 1785 710 1823 745; x_wconf 88' lang='lat' dir='ltr'>et</span> <span class='ocrx_word' id='word_1_101' title='bbox 1850 707 2003 745; x_wconf 84' lang='lat' dir='ltr'>lacertis</span> <span class='ocrx_word' id='word_1_102' title='bbox 2023 707 2164 746; x_wconf 85' lang='lat' dir='ltr'>validis</span> <span class='ocrx_word' id='word_1_103' title='bbox 2183 701 2375 759; x_wconf 80' lang='lat' dir='ltr'>praestare</span> 
     </span>
     <span class='ocr_line' id='line_1_9' title="bbox 101 770 1647 821; baseline 0 -12"><span class='ocrx_word' id='word_1_104' title='bbox 101 773 238 821; x_wconf 88' lang='lat' dir='ltr'>potest,</span> <span class='ocrx_word' id='word_1_105' title='bbox 267 782 318 809; x_wconf 90' lang='lat' dir='ltr'>ex</span> <span class='ocrx_word' id='word_1_106' title='bbox 345 782 390 809; x_wconf 91' lang='lat' dir='ltr'>eo</span> <span class='ocrx_word' id='word_1_107' title='bbox 418 770 533 820; x_wconf 89' lang='lat' dir='ltr'>longe</span> <span class='ocrx_word' id='word_1_108' title='bbox 560 770 772 808; x_wconf 75' lang='lat' dir='ltr'>maximam</span> <span class='ocrx_word' id='word_1_109' title='bbox 801 772 903 821; x_wconf 85' lang='lat' dir='ltr'>capit</span> <span class='ocrx_word' id='word_1_110' title='bbox 930 771 1105 821; x_wconf 87' lang='lat' dir='ltr'>gloriam,</span> <span class='ocrx_word' id='word_1_111' title='bbox 1134 773 1166 810; x_wconf 90' lang='lat' dir='ltr'>si</span> <span class='ocrx_word' id='word_1_112' title='bbox 1194 772 1308 809; x_wconf 92' lang='lat' dir='ltr'>modo</span> <span class='ocrx_word' id='word_1_113' title='bbox 1338 773 1398 809; x_wconf 85' lang='lat' dir='ltr'>vir</span> <span class='ocrx_word' id='word_1_114' title='bbox 1426 771 1568 817; x_wconf 80' lang='lat' dir='ltr'>est.¹⁶⁶)</span> <span class='ocrx_word' id='word_1_115' title='bbox 1596 794 1647 799; x_wconf 89' lang='lat'>——-</span> 
     </span>
    </p>
   </div>
   <div class='ocr_carea' id='block_1_3' title="bbox 100 843 2429 3059">
    <p class='ocr_par' dir='ltr' id='par_1_3' title="bbox 101 843 2377 1783">
     <span class='ocr_line' id='line_1_10' title="bbox 289 843 2375 897; baseline 0.001 -16"><span class='ocrx_word' id='word_1_116' title='bbox 289 844 374 894; x_wconf 86' lang='lat' dir='ltr'>Age</span> <span class='ocrx_word' id='word_1_117' title='bbox 402 856 508 881; x_wconf 85' lang='lat' dir='ltr'>nune</span> <span class='ocrx_word' id='word_1_118' title='bbox 536 843 750 893; x_wconf 85' lang='lat' dir='ltr'>videamus,</span> <span class='ocrx_word' id='word_1_119' title='bbox 780 856 880 895; x_wconf 90' lang='lat' dir='ltr'>quae</span> <span class='ocrx_word' id='word_1_120' title='bbox 908 846 1079 895; x_wconf 89' lang='lat' dir='ltr'>praemia</span> <span class='ocrx_word' id='word_1_121' title='bbox 1105 845 1248 883; x_wconf 85' lang='lat' dir='ltr'>fuerint</span> <span class='ocrx_word' id='word_1_122' title='bbox 1276 845 1430 883; x_wconf 83' lang='lat' dir='ltr'>virtutis</span> <span class='ocrx_word' id='word_1_123' title='bbox 1462 850 1499 883; x_wconf 88' lang='lat' dir='ltr'>et</span> <span class='ocrx_word' id='word_1_124' title='bbox 1535 846 1602 895; x_wconf 85' lang='lat' dir='ltr'>qui</span> <span class='ocrx_word' id='word_1_125' title='bbox 1637 845 1782 896; x_wconf 88' lang='lat' dir='ltr'>gradus</span> <span class='ocrx_word' id='word_1_126' title='bbox 1817 845 2019 883; x_wconf 89' lang='lat' dir='ltr'>honorum.</span> <span class='ocrx_word' id='word_1_127' title='bbox 2075 844 2375 897; x_wconf 86' lang='lat' dir='ltr'>Responderunt</span> 
     </span>
     <span class='ocr_line' id='line_1_11' title="bbox 103 907 2376 959; baseline 0.001 -13"><span class='ocrx_word' id='word_1_128' title='bbox 103 911 232 946; x_wconf 89' lang='lat' dir='ltr'>autem</span> <span class='ocrx_word' id='word_1_129' title='bbox 261 908 424 946; x_wconf 89' lang='lat' dir='ltr'>honores</span> <span class='ocrx_word' id='word_1_130' title='bbox 450 907 663 959; x_wconf 67' lang='lat' dir='ltr'>frugalitati</span> <span class='ocrx_word' id='word_1_131' title='bbox 698 912 919 959; x_wconf 86' lang='lat' dir='ltr'>temporum</span> <span class='ocrx_word' id='word_1_132' title='bbox 958 909 1211 957; x_wconf 91' lang='lat' dir='ltr'>heroicorum,</span> <span class='ocrx_word' id='word_1_133' title='bbox 1251 908 1394 959; x_wconf 87' lang='lat' dir='ltr'>quibus</span> <span class='ocrx_word' id='word_1_134' title='bbox 1438 908 1614 947; x_wconf 92' lang='lat' dir='ltr'>nondum</span> <span class='ocrx_word' id='word_1_135' title='bbox 1653 909 1830 947; x_wconf 91' lang='lat' dir='ltr'>homines</span> <span class='ocrx_word' id='word_1_136' title='bbox 1870 914 1936 947; x_wconf 89' lang='lat' dir='ltr'>aut</span> <span class='ocrx_word' id='word_1_137' title='bbox 1973 909 2132 947; x_wconf 92' lang='lat' dir='ltr'>nomina</span> <span class='ocrx_word' id='word_1_138' title='bbox 2170 910 2301 948; x_wconf 88' lang='lat' dir='ltr'>inania</span> <span class='ocrx_word' id='word_1_139' title='bbox 2339 913 2376 948; x_wconf 86' lang='lat' dir='ltr'>et</span> 
     </span>
     <span class='ocr_line' id='line_1_12' title="bbox 102 971 2374 1022; baseline 0.001 -14"><span class='ocrx_word' id='word_1_140' title='bbox 102 971 377 1021; x_wconf 88' lang='lat' dir='ltr'>appellationes</span> <span class='ocrx_word' id='word_1_141' title='bbox 405 975 472 1008; x_wconf 88' lang='lat' dir='ltr'>aut</span> <span class='ocrx_word' id='word_1_142' title='bbox 498 972 669 1021; x_wconf 86' lang='lat' dir='ltr'>insignia</span> <span class='ocrx_word' id='word_1_143' title='bbox 688 977 725 1009; x_wconf 89' lang='lat' dir='ltr'>et</span> <span class='ocrx_word' id='word_1_144' title='bbox 753 972 942 1009; x_wconf 90' lang='lat' dir='ltr'>solemnia</span> <span class='ocrx_word' id='word_1_145' title='bbox 970 978 1195 1009; x_wconf 88' lang='lat' dir='ltr'>ornamenta</span> <span class='ocrx_word' id='word_1_146' title='bbox 1222 972 1516 1022; x_wconf 87' lang='lat' dir='ltr'>aucupabantur</span> <span class='ocrx_word' id='word_1_147' title='bbox 1545 983 1589 1010; x_wconf 90' lang='lat' dir='ltr'>eo</span> <span class='ocrx_word' id='word_1_148' title='bbox 1618 972 1782 1020; x_wconf 88' lang='lat' dir='ltr'>avidius,</span> <span class='ocrx_word' id='word_1_149' title='bbox 1812 972 1918 1022; x_wconf 91' lang='lat' dir='ltr'>quod</span> <span class='ocrx_word' id='word_1_150' title='bbox 1945 976 2135 1022; x_wconf 84' lang='lat' dir='ltr'>putarent,</span> <span class='ocrx_word' id='word_1_151' title='bbox 2161 984 2202 1010; x_wconf 92' lang='lat' dir='ltr'>se</span> <span class='ocrx_word' id='word_1_152' title='bbox 2230 984 2293 1011; x_wconf 88' lang='lat' dir='ltr'>eas</span> <span class='ocrx_word' id='word_1_153' title='bbox 2313 984 2374 1011; x_wconf 86' lang='lat' dir='ltr'>res</span> 
     </span>
     <span class='ocr_line' id='line_1_13' title="bbox 101 1033 2374 1086; baseline 0.001 -15"><span class='ocrx_word' id='word_1_154' title='bbox 101 1033 342 1084; x_wconf 86' lang='lat' dir='ltr'>possidentes</span> <span class='ocrx_word' id='word_1_155' title='bbox 370 1038 517 1072; x_wconf 87' lang='lat' dir='ltr'>tantam</span> <span class='ocrx_word' id='word_1_156' title='bbox 544 1035 813 1072; x_wconf 87' lang='lat' dir='ltr'>auctoritatem</span> <span class='ocrx_word' id='word_1_157' title='bbox 843 1038 1070 1072; x_wconf 89' lang='lat' dir='ltr'>consecutos</span> <span class='ocrx_word' id='word_1_158' title='bbox 1099 1046 1193 1083; x_wconf 91' lang='lat' dir='ltr'>esse,</span> <span class='ocrx_word' id='word_1_159' title='bbox 1232 1040 1276 1072; x_wconf 90' lang='lat' dir='ltr'>ut</span> <span class='ocrx_word' id='word_1_160' title='bbox 1304 1046 1382 1072; x_wconf 93' lang='lat' dir='ltr'>non</span> <span class='ocrx_word' id='word_1_161' title='bbox 1421 1036 1498 1072; x_wconf 90' lang='lat' dir='ltr'>iam</span> <span class='ocrx_word' id='word_1_162' title='bbox 1526 1040 1636 1084; x_wconf 88' lang='lat' dir='ltr'>esset,</span> <span class='ocrx_word' id='word_1_163' title='bbox 1673 1047 1743 1074; x_wconf 91' lang='lat' dir='ltr'>cur</span> <span class='ocrx_word' id='word_1_164' title='bbox 1777 1036 1817 1073; x_wconf 92' lang='lat' dir='ltr'>in</span> <span class='ocrx_word' id='word_1_165' title='bbox 1853 1036 2005 1086; x_wconf 88' lang='lat' dir='ltr'>magnis</span> <span class='ocrx_word' id='word_1_166' title='bbox 2032 1035 2231 1074; x_wconf 88' lang='lat' dir='ltr'>laboribus</span> <span class='ocrx_word' id='word_1_167' title='bbox 2261 1036 2374 1074; x_wconf 89' lang='lat' dir='ltr'>desu-</span> 
     </span>
     <span class='ocr_line' id='line_1_14' title="bbox 104 1096 2373 1149; baseline 0.001 -14"><span class='ocrx_word' id='word_1_168' title='bbox 104 1096 247 1135; x_wconf 86' lang='lat' dir='ltr'>darent.</span> <span class='ocrx_word' id='word_1_169' title='bbox 302 1097 434 1147; x_wconf 86' lang='lat' dir='ltr'>Atque</span> <span class='ocrx_word' id='word_1_170' title='bbox 460 1097 554 1136; x_wconf 88' lang='lat' dir='ltr'>item</span> <span class='ocrx_word' id='word_1_171' title='bbox 582 1109 661 1136; x_wconf 89' lang='lat' dir='ltr'>non</span> <span class='ocrx_word' id='word_1_172' title='bbox 689 1109 834 1146; x_wconf 89' lang='lat' dir='ltr'>eorum,</span> <span class='ocrx_word' id='word_1_173' title='bbox 862 1109 980 1148; x_wconf 90' lang='lat' dir='ltr'>penes</span> <span class='ocrx_word' id='word_1_174' title='bbox 1010 1110 1108 1148; x_wconf 90' lang='lat' dir='ltr'>quos</span> <span class='ocrx_word' id='word_1_175' title='bbox 1137 1100 1263 1137; x_wconf 89' lang='lat' dir='ltr'>omnis</span> <span class='ocrx_word' id='word_1_176' title='bbox 1291 1104 1371 1137; x_wconf 90' lang='lat' dir='ltr'>erat</span> <span class='ocrx_word' id='word_1_177' title='bbox 1400 1103 1579 1149; x_wconf 87' lang='lat' dir='ltr'>potestas,</span> <span class='ocrx_word' id='word_1_178' title='bbox 1608 1099 1797 1137; x_wconf 88' lang='lat' dir='ltr'>iudicium</span> <span class='ocrx_word' id='word_1_179' title='bbox 1824 1099 2088 1149; x_wconf 87' lang='lat' dir='ltr'>sequebantur</span> <span class='ocrx_word' id='word_1_180' title='bbox 2115 1100 2283 1138; x_wconf 84' lang='lat' dir='ltr'>asseclae</span> <span class='ocrx_word' id='word_1_181' title='bbox 2310 1101 2373 1149; x_wconf 92' lang='lat' dir='ltr'>ita,</span> 
     </span>
     <span class='ocr_line' id='line_1_15' title="bbox 106 1160 2375 1213; baseline 0.001 -15"><span class='ocrx_word' id='word_1_182' title='bbox 106 1164 150 1198; x_wconf 92' lang='lat' dir='ltr'>ut</span> <span class='ocrx_word' id='word_1_183' title='bbox 176 1160 248 1198; x_wconf 85' lang='lat' dir='ltr'>hac</span> <span class='ocrx_word' id='word_1_184' title='bbox 275 1160 377 1199; x_wconf 91' lang='lat' dir='ltr'>mole</span> <span class='ocrx_word' id='word_1_185' title='bbox 404 1161 557 1211; x_wconf 91' lang='lat' dir='ltr'>imperii</span> <span class='ocrx_word' id='word_1_186' title='bbox 584 1161 777 1199; x_wconf 89' lang='lat' dir='ltr'>honorum</span> <span class='ocrx_word' id='word_1_187' title='bbox 805 1162 973 1199; x_wconf 84' lang='lat' dir='ltr'>vanitate</span> <span class='ocrx_word' id='word_1_188' title='bbox 1000 1162 1085 1199; x_wconf 81' lang='lat' dir='ltr'>nixi</span> <span class='ocrx_word' id='word_1_189' title='bbox 1113 1162 1140 1198; x_wconf 92' lang='lat' dir='ltr'>ii</span> <span class='ocrx_word' id='word_1_190' title='bbox 1170 1161 1435 1211; x_wconf 86' lang='lat' dir='ltr'>obruerentur,</span> <span class='ocrx_word' id='word_1_191' title='bbox 1465 1164 1532 1213; x_wconf 91' lang='lat' dir='ltr'>qui</span> <span class='ocrx_word' id='word_1_192' title='bbox 1559 1163 1718 1201; x_wconf 88' lang='lat' dir='ltr'>mallent</span> <span class='ocrx_word' id='word_1_193' title='bbox 1745 1163 1806 1201; x_wconf 88' lang='lat' dir='ltr'>sui</span> <span class='ocrx_word' id='word_1_194' title='bbox 1833 1163 1929 1201; x_wconf 89' lang='lat' dir='ltr'>iuris</span> <span class='ocrx_word' id='word_1_195' title='bbox 1949 1174 2033 1201; x_wconf 90' lang='lat' dir='ltr'>esse</span> <span class='ocrx_word' id='word_1_196' title='bbox 2061 1175 2177 1213; x_wconf 91' lang='lat' dir='ltr'>quam</span> <span class='ocrx_word' id='word_1_197' title='bbox 2206 1162 2375 1201; x_wconf 87' lang='lat' dir='ltr'>decorati</span> 
     </span>
     <span class='ocr_line' id='line_1_16' title="bbox 106 1222 2376 1277; baseline 0.002 -17"><span class='ocrx_word' id='word_1_198' title='bbox 106 1222 328 1274; x_wconf 83' lang='lat' dir='ltr'>insignibus</span> <span class='ocrx_word' id='word_1_199' title='bbox 354 1235 558 1262; x_wconf 86' lang='lat' dir='ltr'>servorum</span> <span class='ocrx_word' id='word_1_200' title='bbox 587 1224 877 1262; x_wconf 88' lang='lat' dir='ltr'>multitudinem</span> <span class='ocrx_word' id='word_1_201' title='bbox 915 1236 1067 1275; x_wconf 89' lang='lat' dir='ltr'>augere,</span> <span class='ocrx_word' id='word_1_202' title='bbox 1107 1224 1175 1263; x_wconf 88' lang='lat' dir='ltr'>sed</span> <span class='ocrx_word' id='word_1_203' title='bbox 1202 1225 1379 1274; x_wconf 85' lang='lat' dir='ltr'>honores,</span> <span class='ocrx_word' id='word_1_204' title='bbox 1420 1238 1542 1277; x_wconf 93' lang='lat' dir='ltr'>quum</span> <span class='ocrx_word' id='word_1_205' title='bbox 1578 1238 1656 1265; x_wconf 92' lang='lat' dir='ltr'>non</span> <span class='ocrx_word' id='word_1_206' title='bbox 1694 1227 1735 1264; x_wconf 90' lang='lat' dir='ltr'>in</span> <span class='ocrx_word' id='word_1_207' title='bbox 1762 1226 1927 1277; x_wconf 88' lang='lat' dir='ltr'>singulis</span> <span class='ocrx_word' id='word_1_208' title='bbox 1966 1225 2078 1264; x_wconf 74' lang='lat' dir='ltr'>infixi</span> <span class='ocrx_word' id='word_1_209' title='bbox 2107 1226 2308 1264; x_wconf 85' lang='lat' dir='ltr'>haererent</span> <span class='ocrx_word' id='word_1_210' title='bbox 2335 1227 2376 1264; x_wconf 92' lang='lat' dir='ltr'>in</span> 
     </span>
     <span class='ocr_line' id='line_1_17' title="bbox 104 1288 2376 1340; baseline 0.002 -17"><span class='ocrx_word' id='word_1_211' title='bbox 104 1291 336 1337; x_wconf 89' lang='lat' dir='ltr'>perpetuum</span> <span class='ocrx_word' id='word_1_212' title='bbox 363 1289 550 1337; x_wconf 89' lang='lat' dir='ltr'>personis,</span> <span class='ocrx_word' id='word_1_213' title='bbox 579 1288 706 1325; x_wconf 89' lang='lat' dir='ltr'>denuo</span> <span class='ocrx_word' id='word_1_214' title='bbox 735 1299 886 1338; x_wconf 89' lang='lat' dir='ltr'>semper</span> <span class='ocrx_word' id='word_1_215' title='bbox 913 1288 1140 1338; x_wconf 80' lang='lat' dir='ltr'>acquirendi</span> <span class='ocrx_word' id='word_1_216' title='bbox 1168 1293 1285 1325; x_wconf 86' lang='lat' dir='ltr'>erant.</span> <span class='ocrx_word' id='word_1_217' title='bbox 1342 1288 1417 1326; x_wconf 87' lang='lat' dir='ltr'>Sed</span> <span class='ocrx_word' id='word_1_218' title='bbox 1446 1301 1495 1327; x_wconf 90' lang='lat' dir='ltr'>ne</span> <span class='ocrx_word' id='word_1_219' title='bbox 1524 1291 1611 1340; x_wconf 90' lang='lat' dir='ltr'>quis</span> <span class='ocrx_word' id='word_1_220' title='bbox 1641 1301 1740 1340; x_wconf 90' lang='lat' dir='ltr'>quae</span> <span class='ocrx_word' id='word_1_221' title='bbox 1768 1290 1815 1327; x_wconf 88' lang='lat' dir='ltr'>de</span> <span class='ocrx_word' id='word_1_222' title='bbox 1843 1289 2167 1340; x_wconf 82' lang='lat' dir='ltr'>appellationibus</span> <span class='ocrx_word' id='word_1_223' title='bbox 2193 1294 2230 1327; x_wconf 86' lang='lat' dir='ltr'>et</span> <span class='ocrx_word' id='word_1_224' title='bbox 2256 1290 2376 1340; x_wconf 88' lang='lat' dir='ltr'>insig-</span> 
     </span>
     <span class='ocr_line' id='line_1_18' title="bbox 105 1349 2377 1402; baseline 0.001 -14"><span class='ocrx_word' id='word_1_225' title='bbox 105 1349 223 1389; x_wconf 86' lang='lat' dir='ltr'>nibus</span> <span class='ocrx_word' id='word_1_226' title='bbox 251 1350 334 1389; x_wconf 90' lang='lat' dir='ltr'>dixi</span> <span class='ocrx_word' id='word_1_227' title='bbox 353 1363 433 1389; x_wconf 91' lang='lat' dir='ltr'>non</span> <span class='ocrx_word' id='word_1_228' title='bbox 460 1354 563 1389; x_wconf 90' lang='lat' dir='ltr'>recte</span> <span class='ocrx_word' id='word_1_229' title='bbox 590 1352 874 1402; x_wconf 81' lang='lat' dir='ltr'>interpretetur,</span> <span class='ocrx_word' id='word_1_230' title='bbox 902 1351 1193 1389; x_wconf 90' lang='lat' dir='ltr'>concedendum</span> <span class='ocrx_word' id='word_1_231' title='bbox 1213 1352 1377 1401; x_wconf 87' lang='lat' dir='ltr'>videtur,</span> <span class='ocrx_word' id='word_1_232' title='bbox 1407 1353 1658 1402; x_wconf 87' lang='lat' dir='ltr'>cupiditatem</span> <span class='ocrx_word' id='word_1_233' title='bbox 1676 1366 1808 1391; x_wconf 88' lang='lat' dir='ltr'>earum</span> <span class='ocrx_word' id='word_1_234' title='bbox 1826 1366 1956 1391; x_wconf 91' lang='lat' dir='ltr'>rerum</span> <span class='ocrx_word' id='word_1_235' title='bbox 1975 1353 2098 1391; x_wconf 91' lang='lat' dir='ltr'>multo</span> <span class='ocrx_word' id='word_1_236' title='bbox 2118 1353 2377 1391; x_wconf 88' lang='lat' dir='ltr'>honestiorem</span> 
     </span>
     <span class='ocr_line' id='line_1_19' title="bbox 105 1414 2376 1465; baseline 0 -13"><span class='ocrx_word' id='word_1_237' title='bbox 105 1425 189 1452; x_wconf 89' lang='lat' dir='ltr'>esse</span> <span class='ocrx_word' id='word_1_238' title='bbox 218 1426 336 1464; x_wconf 89' lang='lat' dir='ltr'>quam</span> <span class='ocrx_word' id='word_1_239' title='bbox 363 1414 464 1453; x_wconf 89' lang='lat' dir='ltr'>lucri</span> <span class='ocrx_word' id='word_1_240' title='bbox 490 1414 666 1453; x_wconf 86' lang='lat' dir='ltr'>faciendi.</span> <span class='ocrx_word' id='word_1_241' title='bbox 714 1415 779 1453; x_wconf 92' lang='lat' dir='ltr'>An</span> <span class='ocrx_word' id='word_1_242' title='bbox 807 1427 886 1453; x_wconf 91' lang='lat' dir='ltr'>non</span> <span class='ocrx_word' id='word_1_243' title='bbox 915 1415 1055 1453; x_wconf 88' lang='lat' dir='ltr'>Persae</span> <span class='ocrx_word' id='word_1_244' title='bbox 1075 1414 1242 1453; x_wconf 86' lang='lat' dir='ltr'>Graecos</span> <span class='ocrx_word' id='word_1_245' title='bbox 1261 1419 1493 1463; x_wconf 86' lang='lat' dir='ltr'>metuerunt,</span> <span class='ocrx_word' id='word_1_246' title='bbox 1515 1428 1636 1465; x_wconf 91' lang='lat' dir='ltr'>quum</span> <span class='ocrx_word' id='word_1_247' title='bbox 1657 1416 1906 1464; x_wconf 82' lang='lat' dir='ltr'>audivissent,</span> <span class='ocrx_word' id='word_1_248' title='bbox 1934 1427 2000 1454; x_wconf 91' lang='lat' dir='ltr'>eos</span> <span class='ocrx_word' id='word_1_249' title='bbox 2020 1415 2212 1465; x_wconf 87' lang='lat' dir='ltr'>Olympiis</span> <span class='ocrx_word' id='word_1_250' title='bbox 2231 1419 2376 1453; x_wconf 87' lang='lat' dir='ltr'>certare</span> 
     </span>
     <span class='ocr_line' id='line_1_20' title="bbox 106 1476 2376 1528; baseline 0 -13"><span class='ocrx_word' id='word_1_251' title='bbox 106 1476 154 1515; x_wconf 90' lang='lat' dir='ltr'>de</span> <span class='ocrx_word' id='word_1_252' title='bbox 182 1489 325 1515; x_wconf 90' lang='lat' dir='ltr'>corona</span> <span class='ocrx_word' id='word_1_253' title='bbox 352 1478 514 1528; x_wconf 76' lang='lat' dir='ltr'>virgulis</span> <span class='ocrx_word' id='word_1_254' title='bbox 545 1477 731 1528; x_wconf 87' lang='lat' dir='ltr'>oleaginis</span> <span class='ocrx_word' id='word_1_255' title='bbox 759 1477 963 1526; x_wconf 72' lang='lat' dir='ltr'>factaP¹⁶⁷)</span> <span class='ocrx_word' id='word_1_256' title='bbox 1019 1477 1254 1516; x_wconf 85' lang='lat' dir='ltr'>Constabant</span> <span class='ocrx_word' id='word_1_257' title='bbox 1296 1479 1415 1528; x_wconf 88' lang='lat' dir='ltr'>igitur</span> <span class='ocrx_word' id='word_1_258' title='bbox 1443 1479 1609 1517; x_wconf 90' lang='lat' dir='ltr'>honores</span> <span class='ocrx_word' id='word_1_259' title='bbox 1637 1478 1737 1517; x_wconf 90' lang='lat' dir='ltr'>bona</span> <span class='ocrx_word' id='word_1_260' title='bbox 1764 1479 1865 1517; x_wconf 88' lang='lat' dir='ltr'>fama</span> <span class='ocrx_word' id='word_1_261' title='bbox 1894 1500 1943 1505; x_wconf 92' lang='lat'><strong>—</strong></span> <span class='ocrx_word' id='word_1_262' title='bbox 1971 1479 2070 1516; x_wconf 90' lang='lat' dir='ltr'>nihil</span> <span class='ocrx_word' id='word_1_263' title='bbox 2097 1483 2226 1517; x_wconf 87' lang='lat' dir='ltr'>autem</span> <span class='ocrx_word' id='word_1_264' title='bbox 2253 1479 2376 1528; x_wconf 78' lang='lat' dir='ltr'>magis</span> 
     </span>
     <span class='ocr_line' id='line_1_21' title="bbox 102 1540 2376 1593; baseline 0.001 -15"><span class='ocrx_word' id='word_1_265' title='bbox 102 1541 233 1579; x_wconf 84' lang='lat' dir='ltr'>timori</span> <span class='ocrx_word' id='word_1_266' title='bbox 274 1544 356 1579; x_wconf 88' lang='lat' dir='ltr'>erat</span> <span class='ocrx_word' id='word_1_267' title='bbox 397 1553 513 1592; x_wconf 89' lang='lat' dir='ltr'>quam</span> <span class='ocrx_word' id='word_1_268' title='bbox 554 1549 691 1592; x_wconf 61' lang='grc' dir='ltr'>νέμεσις,</span> <span class='ocrx_word' id='word_1_269' title='bbox 723 1541 763 1579; x_wconf 92' lang='lat' dir='ltr'>id</span> <span class='ocrx_word' id='word_1_270' title='bbox 805 1545 863 1580; x_wconf 89' lang='lat' dir='ltr'>est</span> <span class='ocrx_word' id='word_1_271' title='bbox 902 1540 1133 1590; x_wconf 82' lang='lat' dir='ltr'>infamia¹⁶⁸)</span> <span class='ocrx_word' id='word_1_272' title='bbox 1175 1564 1226 1570; x_wconf 90' lang='lat'>—</span> <span class='ocrx_word' id='word_1_273' title='bbox 1268 1546 1305 1580; x_wconf 89' lang='lat' dir='ltr'>et</span> <span class='ocrx_word' id='word_1_274' title='bbox 1332 1541 1455 1592; x_wconf 89' lang='lat' dir='ltr'>donis,</span> <span class='ocrx_word' id='word_1_275' title='bbox 1500 1554 1599 1593; x_wconf 90' lang='lat' dir='ltr'>quae</span> <span class='ocrx_word' id='word_1_276' title='bbox 1638 1555 1753 1593; x_wconf 92' lang='lat' dir='ltr'>quam</span> <span class='ocrx_word' id='word_1_277' title='bbox 1780 1542 1923 1593; x_wconf 88' lang='lat' dir='ltr'>exigua</span> <span class='ocrx_word' id='word_1_278' title='bbox 1951 1553 2064 1593; x_wconf 88' lang='lat' dir='ltr'>saepe</span> <span class='ocrx_word' id='word_1_279' title='bbox 2090 1541 2244 1591; x_wconf 88' lang='lat' dir='ltr'>fuerint,</span> <span class='ocrx_word' id='word_1_280' title='bbox 2285 1542 2376 1581; x_wconf 91' lang='lat' dir='ltr'>inde</span> 
     </span>
     <span class='ocr_line' id='line_1_22' title="bbox 103 1604 2375 1656; baseline 0.001 -15"><span class='ocrx_word' id='word_1_281' title='bbox 103 1604 277 1654; x_wconf 85' lang='lat' dir='ltr'>intellegi</span> <span class='ocrx_word' id='word_1_282' title='bbox 311 1608 446 1654; x_wconf 84' lang='lat' dir='ltr'>potest,</span> <span class='ocrx_word' id='word_1_283' title='bbox 476 1605 581 1655; x_wconf 93' lang='lat' dir='ltr'>quod</span> <span class='ocrx_word' id='word_1_284' title='bbox 607 1606 840 1643; x_wconf 85' lang='lat' dir='ltr'>fortissimus</span> <span class='ocrx_word' id='word_1_285' title='bbox 869 1606 1035 1656; x_wconf 87' lang='lat' dir='ltr'>quisque</span> <span class='ocrx_word' id='word_1_286' title='bbox 1063 1605 1275 1642; x_wconf 88' lang='lat' dir='ltr'>maioribus</span> <span class='ocrx_word' id='word_1_287' title='bbox 1304 1605 1486 1643; x_wconf 87' lang='lat' dir='ltr'>carnibus</span> <span class='ocrx_word' id='word_1_288' title='bbox 1514 1610 1581 1643; x_wconf 87' lang='lat' dir='ltr'>aut</span> <span class='ocrx_word' id='word_1_289' title='bbox 1607 1607 1707 1643; x_wconf 88' lang='lat' dir='ltr'>vinis</span> <span class='ocrx_word' id='word_1_290' title='bbox 1727 1606 1951 1644; x_wconf 87' lang='lat' dir='ltr'>melioribus</span> <span class='ocrx_word' id='word_1_291' title='bbox 1980 1609 2183 1643; x_wconf 86' lang='lat' dir='ltr'>contentus</span> <span class='ocrx_word' id='word_1_292' title='bbox 2212 1604 2375 1653; x_wconf 83' lang='lat' dir='ltr'>erat.¹⁶⁹)</span> 
     </span>
     <span class='ocr_line' id='line_1_23' title="bbox 103 1666 2375 1718; baseline 0 -13"><span class='ocrx_word' id='word_1_293' title='bbox 103 1666 195 1705; x_wconf 89' lang='lat' dir='ltr'>Huc</span> <span class='ocrx_word' id='word_1_294' title='bbox 223 1667 381 1715; x_wconf 88' lang='lat' dir='ltr'>accedit,</span> <span class='ocrx_word' id='word_1_295' title='bbox 411 1668 516 1717; x_wconf 90' lang='lat' dir='ltr'>quod</span> <span class='ocrx_word' id='word_1_296' title='bbox 544 1669 713 1718; x_wconf 91' lang='lat' dir='ltr'>optimus</span> <span class='ocrx_word' id='word_1_297' title='bbox 741 1669 908 1718; x_wconf 90' lang='lat' dir='ltr'>quisque</span> <span class='ocrx_word' id='word_1_298' title='bbox 936 1668 1123 1718; x_wconf 85' lang='lat' dir='ltr'>sperabat,</span> <span class='ocrx_word' id='word_1_299' title='bbox 1150 1668 1231 1706; x_wconf 85' lang='lat' dir='ltr'>fore</span> <span class='ocrx_word' id='word_1_300' title='bbox 1259 1673 1302 1706; x_wconf 90' lang='lat' dir='ltr'>ut</span> <span class='ocrx_word' id='word_1_301' title='bbox 1329 1669 1516 1706; x_wconf 89' lang='lat' dir='ltr'>memoria</span> <span class='ocrx_word' id='word_1_302' title='bbox 1536 1680 1606 1706; x_wconf 89' lang='lat' dir='ltr'>sua</span> <span class='ocrx_word' id='word_1_303' title='bbox 1627 1668 1734 1706; x_wconf 89' lang='lat' dir='ltr'>nulla</span> <span class='ocrx_word' id='word_1_304' title='bbox 1761 1680 1934 1718; x_wconf 91' lang='lat' dir='ltr'>unquam</span> <span class='ocrx_word' id='word_1_305' title='bbox 1955 1668 2152 1706; x_wconf 86' lang='lat' dir='ltr'>oblivione</span> <span class='ocrx_word' id='word_1_306' title='bbox 2172 1667 2375 1716; x_wconf 90' lang='lat' dir='ltr'>deleretur,</span> 
     </span>
     <span class='ocr_line' id='line_1_24' title="bbox 103 1730 1336 1783; baseline 0.001 -15"><span class='ocrx_word' id='word_1_307' title='bbox 103 1731 330 1782; x_wconf 79' lang='lat' dir='ltr'>praesertim</span> <span class='ocrx_word' id='word_1_308' title='bbox 358 1731 391 1769; x_wconf 89' lang='lat' dir='ltr'>si</span> <span class='ocrx_word' id='word_1_309' title='bbox 418 1730 553 1770; x_wconf 90' lang='lat' dir='ltr'>laudes</span> <span class='ocrx_word' id='word_1_310' title='bbox 580 1732 704 1783; x_wconf 90' lang='lat' dir='ltr'>ipsius</span> <span class='ocrx_word' id='word_1_311' title='bbox 732 1744 754 1770; x_wconf 91' lang='lat' dir='ltr'>a</span> <span class='ocrx_word' id='word_1_312' title='bbox 781 1731 937 1771; x_wconf 84' lang='lat' dir='ltr'>vatibus</span> <span class='ocrx_word' id='word_1_313' title='bbox 965 1730 1336 1780; x_wconf 81' lang='lat' dir='ltr'>celebrarentur.¹⁶⁰)</span> 
     </span>
    </p>

    <p class='ocr_par' dir='ltr' id='par_1_4' title="bbox 100 1792 2429 2859">
     <span class='ocr_line' id='line_1_25' title="bbox 294 1792 2371 1846; baseline -0 -14"><span class='ocrx_word' id='word_1_314' title='bbox 294 1792 389 1831; x_wconf 86' lang='lat' dir='ltr'>Dixi</span> <span class='ocrx_word' id='word_1_315' title='bbox 418 1794 465 1832; x_wconf 91' lang='lat' dir='ltr'>de</span> <span class='ocrx_word' id='word_1_316' title='bbox 492 1795 684 1843; x_wconf 69' lang='lat' dir='ltr'>moribus,</span> <span class='ocrx_word' id='word_1_317' title='bbox 714 1808 819 1833; x_wconf 81' lang='lat' dir='ltr'>nunc</span> <span class='ocrx_word' id='word_1_318' title='bbox 847 1795 974 1833; x_wconf 89' lang='lat' dir='ltr'>dicam</span> <span class='ocrx_word' id='word_1_319' title='bbox 1003 1795 1050 1833; x_wconf 92' lang='lat' dir='ltr'>de</span> <span class='ocrx_word' id='word_1_320' title='bbox 1078 1795 1277 1846; x_wconf 87' lang='lat' dir='ltr'>republica</span> <span class='ocrx_word' id='word_1_321' title='bbox 1305 1802 1342 1833; x_wconf 89' lang='lat' dir='ltr'>et</span> <span class='ocrx_word' id='word_1_322' title='bbox 1370 1796 1418 1834; x_wconf 91' lang='lat' dir='ltr'>de</span> <span class='ocrx_word' id='word_1_323' title='bbox 1446 1808 1490 1833; x_wconf 88' lang='lat' dir='ltr'>ea</span> <span class='ocrx_word' id='word_1_324' title='bbox 1518 1796 1672 1844; x_wconf 77' lang='lat' dir='ltr'>virtute,</span> <span class='ocrx_word' id='word_1_325' title='bbox 1709 1807 1807 1846; x_wconf 88' lang='lat' dir='ltr'>quae</span> <span class='ocrx_word' id='word_1_326' title='bbox 1843 1795 1892 1833; x_wconf 88' lang='lat' dir='ltr'>ad</span> <span class='ocrx_word' id='word_1_327' title='bbox 1920 1795 2142 1833; x_wconf 86' lang='lat' dir='ltr'>societatem</span> <span class='ocrx_word' id='word_1_328' title='bbox 2170 1794 2371 1832; x_wconf 87' lang='lat' dir='ltr'>hominum</span> 
     </span>
     <span class='ocr_line' id='line_1_26' title="bbox 103 1858 2429 1910; baseline -0 -14"><span class='ocrx_word' id='word_1_329' title='bbox 103 1858 280 1908; x_wconf 83' lang='lat' dir='ltr'>pertinet,</span> <span class='ocrx_word' id='word_1_330' title='bbox 309 1858 357 1896; x_wconf 92' lang='lat' dir='ltr'>de</span> <span class='ocrx_word' id='word_1_331' title='bbox 384 1859 541 1897; x_wconf 89' lang='lat' dir='ltr'>iustitia.</span> <span class='ocrx_word' id='word_1_332' title='bbox 598 1859 677 1898; x_wconf 87' lang='lat' dir='ltr'>Cur</span> <span class='ocrx_word' id='word_1_333' title='bbox 703 1861 822 1910; x_wconf 84' lang='lat' dir='ltr'>igitur</span> <span class='ocrx_word' id='word_1_334' title='bbox 856 1872 986 1898; x_wconf 88' lang='lat' dir='ltr'>amore</span> <span class='ocrx_word' id='word_1_335' title='bbox 1024 1861 1192 1899; x_wconf 87' lang='lat' dir='ltr'>iustitiae</span> <span class='ocrx_word' id='word_1_336' title='bbox 1220 1873 1299 1898; x_wconf 91' lang='lat' dir='ltr'>non</span> <span class='ocrx_word' id='word_1_337' title='bbox 1341 1872 1498 1898; x_wconf 81' lang='lat' dir='ltr'>vacasse</span> <span class='ocrx_word' id='word_1_338' title='bbox 1537 1861 1653 1898; x_wconf 90' lang='lat' dir='ltr'>homo</span> <span class='ocrx_word' id='word_1_339' title='bbox 1691 1858 1923 1897; x_wconf 90' lang='lat' dir='ltr'>Homericus</span> <span class='ocrx_word' id='word_1_340' title='bbox 1965 1858 2249 1896; x_wconf 74' lang='lat' dir='ltr'>existimandus</span> <span class='ocrx_word' id='word_1_341' title='bbox 2288 1858 2372 1895; x_wconf 81' lang='lat' dir='ltr'>est?</span> <span class='ocrx_word' id='word_1_342' title='bbox 2426 1901 2429 1904; x_wconf 40' lang='grc'>,</span> 
     </span>
     <span class='ocr_line' id='line_1_27' title="bbox 104 1919 2374 1974; baseline 0 -15"><span class='ocrx_word' id='word_1_343' title='bbox 104 1919 204 1967; x_wconf 84' lang='lat' dir='ltr'>Quia</span> <span class='ocrx_word' id='word_1_344' title='bbox 231 1932 311 1960; x_wconf 91' lang='lat' dir='ltr'>non</span> <span class='ocrx_word' id='word_1_345' title='bbox 345 1921 419 1960; x_wconf 90' lang='lat' dir='ltr'>sibi</span> <span class='ocrx_word' id='word_1_346' title='bbox 449 1922 615 1974; x_wconf 91' lang='lat' dir='ltr'>quisque</span> <span class='ocrx_word' id='word_1_347' title='bbox 641 1923 684 1961; x_wconf 89' lang='lat' dir='ltr'>in</span> <span class='ocrx_word' id='word_1_348' title='bbox 702 1922 910 1962; x_wconf 88' lang='lat' dir='ltr'>solitudine</span> <span class='ocrx_word' id='word_1_349' title='bbox 928 1922 1096 1969; x_wconf 77' lang='lat' dir='ltr'>vivebat,</span> <span class='ocrx_word' id='word_1_350' title='bbox 1122 1922 1191 1962; x_wconf 89' lang='lat' dir='ltr'>sed</span> <span class='ocrx_word' id='word_1_351' title='bbox 1210 1922 1405 1974; x_wconf 88' lang='lat' dir='ltr'>praeclare</span> <span class='ocrx_word' id='word_1_352' title='bbox 1425 1934 1515 1962; x_wconf 90' lang='lat' dir='ltr'>cum</span> <span class='ocrx_word' id='word_1_353' title='bbox 1543 1922 1630 1962; x_wconf 84' lang='lat' dir='ltr'>aliis</span> <span class='ocrx_word' id='word_1_354' title='bbox 1649 1921 1794 1974; x_wconf 87' lang='lat' dir='ltr'>agebat.</span> <span class='ocrx_word' id='word_1_355' title='bbox 1839 1921 1962 1973; x_wconf 92' lang='lat' dir='ltr'>Atqui</span> <span class='ocrx_word' id='word_1_356' title='bbox 1990 1921 2153 1961; x_wconf 85' lang='lat' dir='ltr'>societas</span> <span class='ocrx_word' id='word_1_357' title='bbox 2172 1920 2374 1960; x_wconf 91' lang='lat' dir='ltr'>hominum</span> 
     </span>
     <span class='ocr_line' id='line_1_28' title="bbox 102 1982 2372 2036; baseline -0 -15"><span class='ocrx_word' id='word_1_358' title='bbox 102 1985 212 2021; x_wconf 89' lang='lat' dir='ltr'>nulla</span> <span class='ocrx_word' id='word_1_359' title='bbox 240 1986 399 2023; x_wconf 89' lang='lat' dir='ltr'>omnino</span> <span class='ocrx_word' id='word_1_360' title='bbox 434 1998 518 2023; x_wconf 89' lang='lat' dir='ltr'>esse</span> <span class='ocrx_word' id='word_1_361' title='bbox 550 1990 688 2035; x_wconf 88' lang='lat' dir='ltr'>potest,</span> <span class='ocrx_word' id='word_1_362' title='bbox 730 1988 804 2023; x_wconf 90' lang='lat' dir='ltr'>nisi</span> <span class='ocrx_word' id='word_1_363' title='bbox 843 1982 919 2036; x_wconf 83' lang='lat' dir='ltr'>qua</span> <span class='ocrx_word' id='word_1_364' title='bbox 957 1988 1123 2036; x_wconf 86' lang='lat' dir='ltr'>quisque</span> <span class='ocrx_word' id='word_1_365' title='bbox 1151 1988 1295 2023; x_wconf 89' lang='lat' dir='ltr'>iniuria</span> <span class='ocrx_word' id='word_1_366' title='bbox 1322 1998 1363 2024; x_wconf 87' lang='lat' dir='ltr'>se</span> <span class='ocrx_word' id='word_1_367' title='bbox 1391 1987 1492 2024; x_wconf 88' lang='lat' dir='ltr'>affici</span> <span class='ocrx_word' id='word_1_368' title='bbox 1524 1998 1603 2023; x_wconf 91' lang='lat' dir='ltr'>non</span> <span class='ocrx_word' id='word_1_369' title='bbox 1632 1986 1727 2032; x_wconf 86' lang='lat' dir='ltr'>vult,</span> <span class='ocrx_word' id='word_1_370' title='bbox 1755 1996 1839 2022; x_wconf 90' lang='lat' dir='ltr'>eam</span> <span class='ocrx_word' id='word_1_371' title='bbox 1866 1996 1915 2022; x_wconf 90' lang='lat' dir='ltr'>ne</span> <span class='ocrx_word' id='word_1_372' title='bbox 1953 1985 2038 2022; x_wconf 87' lang='lat' dir='ltr'>aliis</span> <span class='ocrx_word' id='word_1_373' title='bbox 2078 1985 2237 2033; x_wconf 88' lang='lat' dir='ltr'>quidem</span> <span class='ocrx_word' id='word_1_374' title='bbox 2273 1984 2372 2021; x_wconf 77' lang='lat' dir='ltr'>facit.</span> 
     </span>
     <span class='ocr_line' id='line_1_29' title="bbox 103 2045 2373 2100; baseline -0 -15"><span class='ocrx_word' id='word_1_375' title='bbox 103 2046 277 2086; x_wconf 90' lang='lat' dir='ltr'>Videsne</span> <span class='ocrx_word' id='word_1_376' title='bbox 304 2047 433 2098; x_wconf 84' lang='lat' dir='ltr'>igitur,</span> <span class='ocrx_word' id='word_1_377' title='bbox 462 2053 506 2087; x_wconf 87' lang='lat' dir='ltr'>ut</span> <span class='ocrx_word' id='word_1_378' title='bbox 534 2047 724 2099; x_wconf 86' lang='lat' dir='ltr'>Cyclopes</span> <span class='ocrx_word' id='word_1_379' title='bbox 750 2048 838 2088; x_wconf 90' lang='lat' dir='ltr'>ideo</span> <span class='ocrx_word' id='word_1_380' title='bbox 867 2051 1042 2088; x_wconf 85' lang='lat' dir='ltr'>omnium</span> <span class='ocrx_word' id='word_1_381' title='bbox 1069 2050 1200 2087; x_wconf 91' lang='lat' dir='ltr'>iurum</span> <span class='ocrx_word' id='word_1_382' title='bbox 1227 2050 1477 2100; x_wconf 87' lang='lat' dir='ltr'>neglegentes</span> <span class='ocrx_word' id='word_1_383' title='bbox 1505 2050 1593 2098; x_wconf 91' lang='lat' dir='ltr'>sint,</span> <span class='ocrx_word' id='word_1_384' title='bbox 1623 2047 1727 2098; x_wconf 90' lang='lat' dir='ltr'>quod</span> <span class='ocrx_word' id='word_1_385' title='bbox 1755 2047 1964 2086; x_wconf 87' lang='lat' dir='ltr'>solitariam</span> <span class='ocrx_word' id='word_1_386' title='bbox 2002 2052 2118 2098; x_wconf 89' lang='lat' dir='ltr'>agant</span> <span class='ocrx_word' id='word_1_387' title='bbox 2145 2046 2291 2085; x_wconf 82' lang='lat' dir='ltr'>vitam?</span> <span class='ocrx_word' id='word_1_388' title='bbox 2305 2045 2373 2094; x_wconf 85' lang='lat'>¹⁶¹)</span> 
     </span>
     <span class='ocr_line' id='line_1_30' title="bbox 102 2109 2373 2163; baseline -0 -15"><span class='ocrx_word' id='word_1_389' title='bbox 102 2109 163 2148; x_wconf 87' lang='lat' dir='ltr'>lta</span> <span class='ocrx_word' id='word_1_390' title='bbox 189 2110 243 2160; x_wconf 85' lang='lat' dir='ltr'>fit,</span> <span class='ocrx_word' id='word_1_391' title='bbox 270 2114 314 2149; x_wconf 93' lang='lat' dir='ltr'>ut</span> <span class='ocrx_word' id='word_1_392' title='bbox 341 2111 457 2149; x_wconf 93' lang='lat' dir='ltr'>homo</span> <span class='ocrx_word' id='word_1_393' title='bbox 485 2110 730 2161; x_wconf 91' lang='lat' dir='ltr'>Homericus,</span> <span class='ocrx_word' id='word_1_394' title='bbox 758 2112 792 2150; x_wconf 89' lang='lat' dir='ltr'>si</span> <span class='ocrx_word' id='word_1_395' title='bbox 820 2124 898 2151; x_wconf 90' lang='lat' dir='ltr'>non</span> <span class='ocrx_word' id='word_1_396' title='bbox 927 2113 1089 2163; x_wconf 89' lang='lat' dir='ltr'>scriptas</span> <span class='ocrx_word' id='word_1_397' title='bbox 1116 2112 1295 2151; x_wconf 87' lang='lat' dir='ltr'>habuerit</span> <span class='ocrx_word' id='word_1_398' title='bbox 1322 2112 1437 2162; x_wconf 86' lang='lat' dir='ltr'>leges,</span> <span class='ocrx_word' id='word_1_399' title='bbox 1472 2116 1511 2150; x_wconf 89' lang='lat' dir='ltr'>at</span> <span class='ocrx_word' id='word_1_400' title='bbox 1549 2115 1651 2150; x_wconf 89' lang='lat' dir='ltr'>certe</span> <span class='ocrx_word' id='word_1_401' title='bbox 1678 2123 1701 2148; x_wconf 91' lang='lat' dir='ltr'>a</span> <span class='ocrx_word' id='word_1_402' title='bbox 1727 2110 1937 2149; x_wconf 91' lang='lat' dir='ltr'>maioribus</span> <span class='ocrx_word' id='word_1_403' title='bbox 1973 2109 2170 2161; x_wconf 86' lang='lat' dir='ltr'>quandam</span> <span class='ocrx_word' id='word_1_404' title='bbox 2196 2121 2373 2147; x_wconf 91' lang='lat' dir='ltr'>normam</span> 
     </span>
     <span class='ocr_line' id='line_1_31' title="bbox 100 2171 2372 2226; baseline -0.001 -14"><span class='ocrx_word' id='word_1_405' title='bbox 100 2173 198 2212; x_wconf 90' lang='lat' dir='ltr'>iuris</span> <span class='ocrx_word' id='word_1_406' title='bbox 226 2175 428 2225; x_wconf 87' lang='lat' dir='ltr'>acceperit,</span> <span class='ocrx_word' id='word_1_407' title='bbox 456 2174 505 2213; x_wconf 87' lang='lat' dir='ltr'>ad</span> <span class='ocrx_word' id='word_1_408' title='bbox 534 2187 662 2226; x_wconf 92' lang='lat' dir='ltr'>quam,</span> <span class='ocrx_word' id='word_1_409' title='bbox 700 2175 880 2226; x_wconf 89' lang='lat' dir='ltr'>quisquis</span> <span class='ocrx_word' id='word_1_410' title='bbox 908 2175 1027 2214; x_wconf 87' lang='lat' dir='ltr'>iudex</span> <span class='ocrx_word' id='word_1_411' title='bbox 1061 2176 1273 2225; x_wconf 89' lang='lat' dir='ltr'>exsisteret,</span> <span class='ocrx_word' id='word_1_412' title='bbox 1312 2176 1542 2215; x_wconf 90' lang='lat' dir='ltr'>sententiam</span> <span class='ocrx_word' id='word_1_413' title='bbox 1571 2174 1762 2224; x_wconf 86' lang='lat' dir='ltr'>dirigeret,</span> <span class='ocrx_word' id='word_1_414' title='bbox 1800 2174 1876 2223; x_wconf 81' lang='lat' dir='ltr'>nisi</span> <span class='ocrx_word' id='word_1_415' title='bbox 1914 2174 1976 2212; x_wconf 90' lang='lat' dir='ltr'>ius</span> <span class='ocrx_word' id='word_1_416' title='bbox 2014 2171 2268 2220; x_wconf 17' lang='lat' dir='ltr'>flecteret ¹⁶²)</span> <span class='ocrx_word' id='word_1_417' title='bbox 2321 2171 2372 2211; x_wconf 89' lang='lat' dir='ltr'>Et</span> 
     </span>
     <span class='ocr_line' id='line_1_32' title="bbox 101 2235 2372 2289; baseline -0.001 -15"><span class='ocrx_word' id='word_1_418' title='bbox 101 2241 182 2275; x_wconf 84' lang='lat' dir='ltr'>tam</span> <span class='ocrx_word' id='word_1_419' title='bbox 208 2238 250 2274; x_wconf 87' lang='lat' dir='ltr'>in</span> <span class='ocrx_word' id='word_1_420' title='bbox 276 2238 361 2274; x_wconf 87' lang='lat' dir='ltr'>iure</span> <span class='ocrx_word' id='word_1_421' title='bbox 389 2238 553 2275; x_wconf 89' lang='lat' dir='ltr'>dicendo</span> <span class='ocrx_word' id='word_1_422' title='bbox 583 2251 700 2288; x_wconf 91' lang='lat' dir='ltr'>quam</span> <span class='ocrx_word' id='word_1_423' title='bbox 728 2239 769 2275; x_wconf 91' lang='lat' dir='ltr'>in</span> <span class='ocrx_word' id='word_1_424' title='bbox 797 2239 996 2289; x_wconf 87' lang='lat' dir='ltr'>republica</span> <span class='ocrx_word' id='word_1_425' title='bbox 1024 2238 1328 2276; x_wconf 88' lang='lat' dir='ltr'>administranda</span> <span class='ocrx_word' id='word_1_426' title='bbox 1361 2240 1487 2276; x_wconf 88' lang='lat' dir='ltr'>rarius</span> <span class='ocrx_word' id='word_1_427' title='bbox 1515 2238 1680 2275; x_wconf 91' lang='lat' dir='ltr'>heroicis</span> <span class='ocrx_word' id='word_1_428' title='bbox 1706 2237 1944 2288; x_wconf 88' lang='lat' dir='ltr'>temporibus</span> <span class='ocrx_word' id='word_1_429' title='bbox 1973 2248 2091 2287; x_wconf 91' lang='lat' dir='ltr'>quam</span> <span class='ocrx_word' id='word_1_430' title='bbox 2117 2239 2251 2286; x_wconf 87' lang='lat' dir='ltr'>postea</span> <span class='ocrx_word' id='word_1_431' title='bbox 2288 2235 2372 2273; x_wconf 86' lang='lat' dir='ltr'>fieri</span> 
     </span>
     <span class='ocr_line' id='line_1_33' title="bbox 102 2300 2372 2349; baseline -0.001 -11"><span class='ocrx_word' id='word_1_432' title='bbox 102 2300 209 2349; x_wconf 88' lang='lat' dir='ltr'>solet,</span> <span class='ocrx_word' id='word_1_433' title='bbox 237 2304 281 2339; x_wconf 88' lang='lat' dir='ltr'>ut</span> <span class='ocrx_word' id='word_1_434' title='bbox 322 2302 383 2339; x_wconf 93' lang='lat' dir='ltr'>ius</span> <span class='ocrx_word' id='word_1_435' title='bbox 411 2301 597 2340; x_wconf 88' lang='lat' dir='ltr'>laedatur.</span> <span class='ocrx_word' id='word_1_436' title='bbox 654 2301 756 2347; x_wconf 85' lang='lat' dir='ltr'>Quid</span> <span class='ocrx_word' id='word_1_437' title='bbox 789 2303 922 2340; x_wconf 79' lang='lat' dir='ltr'>enim?</span> <span class='ocrx_word' id='word_1_438' title='bbox 978 2301 1164 2340; x_wconf 87' lang='lat' dir='ltr'>Publicae</span> <span class='ocrx_word' id='word_1_439' title='bbox 1199 2303 1446 2340; x_wconf 87' lang='lat' dir='ltr'>necessitates</span> <span class='ocrx_word' id='word_1_440' title='bbox 1482 2306 1561 2339; x_wconf 92' lang='lat' dir='ltr'>tam</span> <span class='ocrx_word' id='word_1_441' title='bbox 1597 2300 1772 2338; x_wconf 84' lang='lat' dir='ltr'>difficiles</span> <span class='ocrx_word' id='word_1_442' title='bbox 1810 2305 1847 2338; x_wconf 89' lang='lat' dir='ltr'>et</span> <span class='ocrx_word' id='word_1_443' title='bbox 1886 2304 1965 2338; x_wconf 88' lang='lat' dir='ltr'>tam</span> <span class='ocrx_word' id='word_1_444' title='bbox 2004 2300 2132 2337; x_wconf 81' lang='lat' dir='ltr'>variae</span> <span class='ocrx_word' id='word_1_445' title='bbox 2171 2303 2289 2347; x_wconf 88' lang='lat' dir='ltr'>erant,</span> <span class='ocrx_word' id='word_1_446' title='bbox 2328 2302 2372 2336; x_wconf 92' lang='lat' dir='ltr'>ut</span> 
     </span>
     <span class='ocr_line' id='line_1_34' title="bbox 102 2362 2373 2416; baseline -0 -14"><span class='ocrx_word' id='word_1_447' title='bbox 102 2363 305 2415; x_wconf 86' lang='lat' dir='ltr'>publicum</span> <span class='ocrx_word' id='word_1_448' title='bbox 333 2365 394 2403; x_wconf 91' lang='lat' dir='ltr'>ius</span> <span class='ocrx_word' id='word_1_449' title='bbox 423 2366 620 2404; x_wconf 89' lang='lat' dir='ltr'>communi</span> <span class='ocrx_word' id='word_1_450' title='bbox 648 2366 900 2405; x_wconf 86' lang='lat' dir='ltr'>humanitatis</span> <span class='ocrx_word' id='word_1_451' title='bbox 928 2365 1004 2403; x_wconf 90' lang='lat' dir='ltr'>iuri</span> <span class='ocrx_word' id='word_1_452' title='bbox 1032 2365 1290 2416; x_wconf 77' lang='lat' dir='ltr'>repugnaret?</span> <span class='ocrx_word' id='word_1_453' title='bbox 1347 2364 1507 2404; x_wconf 91' lang='lat' dir='ltr'>Minime</span> <span class='ocrx_word' id='word_1_454' title='bbox 1535 2363 1673 2403; x_wconf 87' lang='lat' dir='ltr'>hercle.</span> <span class='ocrx_word' id='word_1_455' title='bbox 1719 2364 1777 2403; x_wconf 85' lang='lat' dir='ltr'>Ac</span> <span class='ocrx_word' id='word_1_456' title='bbox 1798 2376 1896 2415; x_wconf 90' lang='lat' dir='ltr'>quae</span> <span class='ocrx_word' id='word_1_457' title='bbox 1923 2364 2010 2403; x_wconf 90' lang='lat' dir='ltr'>iura</span> <span class='ocrx_word' id='word_1_458' title='bbox 2037 2374 2214 2402; x_wconf 89' lang='lat' dir='ltr'>sermone</span> <span class='ocrx_word' id='word_1_459' title='bbox 2233 2362 2373 2401; x_wconf 84' lang='lat' dir='ltr'>tradita</span> 
     </span>
     <span class='ocr_line' id='line_1_35' title="bbox 102 2426 2373 2480; baseline -0.001 -15"><span class='ocrx_word' id='word_1_460' title='bbox 102 2432 139 2465; x_wconf 91' lang='lat' dir='ltr'>et</span> <span class='ocrx_word' id='word_1_461' title='bbox 169 2434 379 2479; x_wconf 89' lang='lat' dir='ltr'>propagata</span> <span class='ocrx_word' id='word_1_462' title='bbox 407 2435 526 2478; x_wconf 87' lang='lat' dir='ltr'>erant,</span> <span class='ocrx_word' id='word_1_463' title='bbox 554 2435 711 2480; x_wconf 90' lang='lat' dir='ltr'>propter</span> <span class='ocrx_word' id='word_1_464' title='bbox 738 2430 1025 2480; x_wconf 86' lang='lat' dir='ltr'>simplicitatem</span> <span class='ocrx_word' id='word_1_465' title='bbox 1052 2430 1152 2467; x_wconf 80' lang='lat' dir='ltr'>vitae</span> <span class='ocrx_word' id='word_1_466' title='bbox 1180 2429 1359 2480; x_wconf 90' lang='lat' dir='ltr'>publicae</span> <span class='ocrx_word' id='word_1_467' title='bbox 1387 2434 1424 2467; x_wconf 92' lang='lat' dir='ltr'>et</span> <span class='ocrx_word' id='word_1_468' title='bbox 1453 2429 1624 2479; x_wconf 84' lang='lat' dir='ltr'>privatae</span> <span class='ocrx_word' id='word_1_469' title='bbox 1653 2427 1746 2465; x_wconf 88' lang='lat' dir='ltr'>adeo</span> <span class='ocrx_word' id='word_1_470' title='bbox 1781 2440 1859 2465; x_wconf 88' lang='lat' dir='ltr'>non</span> <span class='ocrx_word' id='word_1_471' title='bbox 1887 2432 2060 2465; x_wconf 86' lang='lat' dir='ltr'>contorta</span> <span class='ocrx_word' id='word_1_472' title='bbox 2095 2432 2161 2464; x_wconf 90' lang='lat' dir='ltr'>aut</span> <span class='ocrx_word' id='word_1_473' title='bbox 2190 2426 2373 2477; x_wconf 86' lang='lat' dir='ltr'>impedita</span> 
     </span>
     <span class='ocr_line' id='line_1_36' title="bbox 104 2491 2374 2544; baseline -0.001 -14"><span class='ocrx_word' id='word_1_474' title='bbox 104 2498 223 2541; x_wconf 89' lang='lat' dir='ltr'>erant,</span> <span class='ocrx_word' id='word_1_475' title='bbox 251 2498 295 2531; x_wconf 88' lang='lat' dir='ltr'>ut</span> <span class='ocrx_word' id='word_1_476' title='bbox 323 2494 420 2532; x_wconf 87' lang='lat' dir='ltr'>iuris</span> <span class='ocrx_word' id='word_1_477' title='bbox 448 2495 710 2544; x_wconf 88' lang='lat' dir='ltr'>interpretatio</span> <span class='ocrx_word' id='word_1_478' title='bbox 739 2494 787 2532; x_wconf 88' lang='lat' dir='ltr'>ab</span> <span class='ocrx_word' id='word_1_479' title='bbox 817 2494 1056 2532; x_wconf 86' lang='lat' dir='ltr'>humanitate</span> <span class='ocrx_word' id='word_1_480' title='bbox 1083 2506 1160 2531; x_wconf 90' lang='lat' dir='ltr'>non</span> <span class='ocrx_word' id='word_1_481' title='bbox 1196 2493 1426 2531; x_wconf 86' lang='lat' dir='ltr'>abhorreret.</span> <span class='ocrx_word' id='word_1_482' title='bbox 1485 2492 1607 2539; x_wconf 89' lang='lat' dir='ltr'>Adde,</span> <span class='ocrx_word' id='word_1_483' title='bbox 1649 2492 1752 2541; x_wconf 90' lang='lat' dir='ltr'>quod</span> <span class='ocrx_word' id='word_1_484' title='bbox 1791 2492 1869 2530; x_wconf 89' lang='lat' dir='ltr'>illis</span> <span class='ocrx_word' id='word_1_485' title='bbox 1908 2491 2147 2541; x_wconf 86' lang='lat' dir='ltr'>temporibus</span> <span class='ocrx_word' id='word_1_486' title='bbox 2183 2503 2261 2528; x_wconf 90' lang='lat' dir='ltr'>non</span> <span class='ocrx_word' id='word_1_487' title='bbox 2294 2495 2374 2528; x_wconf 88' lang='lat' dir='ltr'>tam</span> 
     </span>
     <span class='ocr_line' id='line_1_37' title="bbox 103 2553 2373 2607; baseline -0.001 -13"><span class='ocrx_word' id='word_1_488' title='bbox 103 2555 277 2594; x_wconf 90' lang='lat' dir='ltr'>celeriter</span> <span class='ocrx_word' id='word_1_489' title='bbox 305 2557 555 2595; x_wconf 86' lang='lat' dir='ltr'>commutatio</span> <span class='ocrx_word' id='word_1_490' title='bbox 583 2568 714 2595; x_wconf 89' lang='lat' dir='ltr'>rerum</span> <span class='ocrx_word' id='word_1_491' title='bbox 742 2557 928 2605; x_wconf 89' lang='lat' dir='ltr'>omnium,</span> <span class='ocrx_word' id='word_1_492' title='bbox 958 2568 1057 2607; x_wconf 89' lang='lat' dir='ltr'>quae</span> <span class='ocrx_word' id='word_1_493' title='bbox 1076 2556 1124 2594; x_wconf 92' lang='lat' dir='ltr'>ad</span> <span class='ocrx_word' id='word_1_494' title='bbox 1143 2557 1366 2594; x_wconf 87' lang='lat' dir='ltr'>societatem</span> <span class='ocrx_word' id='word_1_495' title='bbox 1384 2555 1588 2594; x_wconf 90' lang='lat' dir='ltr'>hominum</span> <span class='ocrx_word' id='word_1_496' title='bbox 1606 2553 1840 2604; x_wconf 82' lang='lat' dir='ltr'>spectabant,</span> <span class='ocrx_word' id='word_1_497' title='bbox 1863 2553 1947 2592; x_wconf 92' lang='lat' dir='ltr'>fieri</span> <span class='ocrx_word' id='word_1_498' title='bbox 1966 2558 2124 2604; x_wconf 89' lang='lat' dir='ltr'>poterat,</span> <span class='ocrx_word' id='word_1_499' title='bbox 2147 2558 2191 2592; x_wconf 88' lang='lat' dir='ltr'>ut</span> <span class='ocrx_word' id='word_1_500' title='bbox 2208 2553 2373 2591; x_wconf 88' lang='lat' dir='ltr'>novissi-</span> 
     </span>
     <span class='ocr_line' id='line_1_38' title="bbox 102 2615 2374 2671; baseline -0.001 -15"><span class='ocrx_word' id='word_1_501' title='bbox 102 2631 192 2657; x_wconf 91' lang='lat' dir='ltr'>mus</span> <span class='ocrx_word' id='word_1_502' title='bbox 221 2620 389 2671; x_wconf 89' lang='lat' dir='ltr'>quisque</span> <span class='ocrx_word' id='word_1_503' title='bbox 417 2624 636 2671; x_wconf 89' lang='lat' dir='ltr'>temporum</span> <span class='ocrx_word' id='word_1_504' title='bbox 664 2620 819 2658; x_wconf 87' lang='lat' dir='ltr'>habitus</span> <span class='ocrx_word' id='word_1_505' title='bbox 847 2631 990 2658; x_wconf 84' lang='lat' dir='ltr'>novam</span> <span class='ocrx_word' id='word_1_506' title='bbox 1010 2619 1191 2670; x_wconf 89' lang='lat' dir='ltr'>deinceps</span> <span class='ocrx_word' id='word_1_507' title='bbox 1218 2620 1315 2658; x_wconf 88' lang='lat' dir='ltr'>iuris</span> <span class='ocrx_word' id='word_1_508' title='bbox 1334 2620 1523 2657; x_wconf 86' lang='lat' dir='ltr'>rationem</span> <span class='ocrx_word' id='word_1_509' title='bbox 1543 2617 1763 2668; x_wconf 86' lang='lat' dir='ltr'>postularet.</span> <span class='ocrx_word' id='word_1_510' title='bbox 1810 2616 1960 2663; x_wconf 81' lang='lat' dir='ltr'>Quibus</span> <span class='ocrx_word' id='word_1_511' title='bbox 1980 2628 2030 2655; x_wconf 89' lang='lat' dir='ltr'>ex</span> <span class='ocrx_word' id='word_1_512' title='bbox 2050 2616 2230 2655; x_wconf 92' lang='lat' dir='ltr'>omnibus</span> <span class='ocrx_word' id='word_1_513' title='bbox 2257 2615 2374 2654; x_wconf 91' lang='lat' dir='ltr'>rebus</span> 
     </span>
     <span class='ocr_line' id='line_1_39' title="bbox 102 2679 2373 2732; baseline -0.001 -13"><span class='ocrx_word' id='word_1_514' title='bbox 102 2682 216 2719; x_wconf 86' lang='lat' dir='ltr'>facile</span> <span class='ocrx_word' id='word_1_515' title='bbox 244 2683 491 2732; x_wconf 86' lang='lat' dir='ltr'>intellegitur,</span> <span class='ocrx_word' id='word_1_516' title='bbox 519 2683 715 2720; x_wconf 88' lang='lat' dir='ltr'>hominem</span> <span class='ocrx_word' id='word_1_517' title='bbox 742 2682 998 2720; x_wconf 87' lang='lat' dir='ltr'>Homericum</span> <span class='ocrx_word' id='word_1_518' title='bbox 1026 2695 1070 2720; x_wconf 90' lang='lat' dir='ltr'>eo</span> <span class='ocrx_word' id='word_1_519' title='bbox 1099 2683 1231 2720; x_wconf 91' lang='lat' dir='ltr'>dolore</span> <span class='ocrx_word' id='word_1_520' title='bbox 1258 2695 1338 2720; x_wconf 90' lang='lat' dir='ltr'>non</span> <span class='ocrx_word' id='word_1_521' title='bbox 1375 2681 1487 2719; x_wconf 87' lang='lat' dir='ltr'>facile</span> <span class='ocrx_word' id='word_1_522' title='bbox 1525 2680 1689 2717; x_wconf 89' lang='lat' dir='ltr'>cruciari</span> <span class='ocrx_word' id='word_1_523' title='bbox 1717 2681 1899 2730; x_wconf 85' lang='lat' dir='ltr'>potuisse,</span> <span class='ocrx_word' id='word_1_524' title='bbox 1941 2692 2018 2729; x_wconf 91' lang='lat' dir='ltr'>quo</span> <span class='ocrx_word' id='word_1_525' title='bbox 2055 2679 2210 2717; x_wconf 88' lang='lat' dir='ltr'>nullum</span> <span class='ocrx_word' id='word_1_526' title='bbox 2247 2680 2373 2717; x_wconf 89' lang='lat' dir='ltr'>maius</span> 
     </span>
     <span class='ocr_line' id='line_1_40' title="bbox 103 2741 2371 2797; baseline -0.001 -14"><span class='ocrx_word' id='word_1_527' title='bbox 103 2756 188 2783; x_wconf 88' lang='lat' dir='ltr'>esse</span> <span class='ocrx_word' id='word_1_528' title='bbox 226 2748 361 2796; x_wconf 88' lang='lat' dir='ltr'>potest,</span> <span class='ocrx_word' id='word_1_529' title='bbox 400 2758 478 2797; x_wconf 89' lang='lat' dir='ltr'>quo</span> <span class='ocrx_word' id='word_1_530' title='bbox 518 2746 606 2797; x_wconf 89' lang='lat' dir='ltr'>quis</span> <span class='ocrx_word' id='word_1_531' title='bbox 645 2746 678 2784; x_wconf 87' lang='lat' dir='ltr'>si</span> <span class='ocrx_word' id='word_1_532' title='bbox 716 2758 787 2785; x_wconf 89' lang='lat' dir='ltr'>suo</span> <span class='ocrx_word' id='word_1_533' title='bbox 826 2746 911 2785; x_wconf 90' lang='lat' dir='ltr'>iure</span> <span class='ocrx_word' id='word_1_534' title='bbox 949 2746 1124 2797; x_wconf 85' lang='lat' dir='ltr'>privatus</span> <span class='ocrx_word' id='word_1_535' title='bbox 1163 2751 1231 2796; x_wconf 87' lang='lat' dir='ltr'>est,</span> <span class='ocrx_word' id='word_1_536' title='bbox 1271 2746 1468 2797; x_wconf 87' lang='lat' dir='ltr'>pungitur.</span> <span class='ocrx_word' id='word_1_537' title='bbox 1526 2742 1629 2789; x_wconf 84' lang='lat' dir='ltr'>Quid</span> <span class='ocrx_word' id='word_1_538' title='bbox 1669 2743 1784 2794; x_wconf 80' lang='lat' dir='ltr'>ergo?</span> <span class='ocrx_word' id='word_1_539' title='bbox 1840 2741 1916 2789; x_wconf 82' lang='lat' dir='ltr'>Qui</span> <span class='ocrx_word' id='word_1_540' title='bbox 1954 2741 2107 2794; x_wconf 89' lang='lat' dir='ltr'>legibus</span> <span class='ocrx_word' id='word_1_541' title='bbox 2146 2742 2371 2793; x_wconf 85' lang='lat' dir='ltr'>saepissime</span> 
     </span>
     <span class='ocr_line' id='line_1_41' title="bbox 103 2804 2374 2859; baseline -0.001 -14"><span class='ocrx_word' id='word_1_542' title='bbox 103 2808 371 2859; x_wconf 82' lang='lat' dir='ltr'>impediuntur</span> <span class='ocrx_word' id='word_1_543' title='bbox 388 2810 450 2847; x_wconf 88' lang='lat' dir='ltr'>ius</span> <span class='ocrx_word' id='word_1_544' title='bbox 469 2810 705 2858; x_wconf 85' lang='lat' dir='ltr'>suumtueri,</span> <span class='ocrx_word' id='word_1_545' title='bbox 724 2810 825 2847; x_wconf 90' lang='lat' dir='ltr'>tueri</span> <span class='ocrx_word' id='word_1_546' title='bbox 840 2809 1105 2847; x_wconf 80' lang='lat' dir='ltr'>contendunt?</span> <span class='ocrx_word' id='word_1_547' title='bbox 1127 2810 1303 2847; x_wconf 89' lang='lat' dir='ltr'>homines</span> <span class='ocrx_word' id='word_1_548' title='bbox 1316 2807 1516 2846; x_wconf 87' lang='lat' dir='ltr'>Homerici</span> <span class='ocrx_word' id='word_1_549' title='bbox 1536 2818 1613 2843; x_wconf 90' lang='lat' dir='ltr'>non</span> <span class='ocrx_word' id='word_1_550' title='bbox 1628 2806 1936 2844; x_wconf 81' lang='lat' dir='ltr'>contenderunt?</span> <span class='ocrx_word' id='word_1_551' title='bbox 1974 2804 2050 2843; x_wconf 88' lang='lat' dir='ltr'>Sed</span> <span class='ocrx_word' id='word_1_552' title='bbox 2069 2806 2164 2843; x_wconf 87' lang='lat' dir='ltr'>haec</span> <span class='ocrx_word' id='word_1_553' title='bbox 2179 2805 2374 2843; x_wconf 87' lang='lat' dir='ltr'>haetenus.</span> 
     </span>
    </p>

    <p class='ocr_par' dir='ltr' id='par_1_5' title="bbox 101 2879 2377 3059">
     <span class='ocr_line' id='line_1_42' title="bbox 294 2879 2376 2934; baseline -0.002 -13"><span class='ocrx_word' id='word_1_554' title='bbox 294 2882 410 2921; x_wconf 89' lang='lat' dir='ltr'>Nunc</span> <span class='ocrx_word' id='word_1_555' title='bbox 436 2883 649 2932; x_wconf 81' lang='lat' dir='ltr'>videamus,</span> <span class='ocrx_word' id='word_1_556' title='bbox 678 2895 834 2933; x_wconf 87' lang='lat' dir='ltr'>quaeso,</span> <span class='ocrx_word' id='word_1_557' title='bbox 861 2883 1081 2934; x_wconf 88' lang='lat' dir='ltr'>respublica</span> <span class='ocrx_word' id='word_1_558' title='bbox 1109 2883 1235 2933; x_wconf 89' lang='lat' dir='ltr'>qualis</span> <span class='ocrx_word' id='word_1_559' title='bbox 1262 2883 1388 2921; x_wconf 86' lang='lat' dir='ltr'>fuerit.</span> <span class='ocrx_word' id='word_1_560' title='bbox 1442 2881 1737 2930; x_wconf 87' lang='lat' dir='ltr'>Antiquissimis</span> <span class='ocrx_word' id='word_1_561' title='bbox 1773 2882 1893 2931; x_wconf 85' lang='lat' dir='ltr'>igitur</span> <span class='ocrx_word' id='word_1_562' title='bbox 1931 2879 2167 2930; x_wconf 86' lang='lat' dir='ltr'>temporibus</span> <span class='ocrx_word' id='word_1_563' title='bbox 2200 2879 2376 2917; x_wconf 85' lang='lat' dir='ltr'>homines</span> 
     </span>
     <span class='ocr_line' id='line_1_43' title="bbox 101 2940 2376 2996; baseline -0.002 -12"><span class='ocrx_word' id='word_1_564' title='bbox 101 2946 264 2996; x_wconf 87' lang='lat' dir='ltr'>paritate</span> <span class='ocrx_word' id='word_1_565' title='bbox 292 2946 463 2996; x_wconf 82' lang='lat' dir='ltr'>originis,</span> <span class='ocrx_word' id='word_1_566' title='bbox 490 2946 658 2996; x_wconf 86' lang='lat' dir='ltr'>linguae,</span> <span class='ocrx_word' id='word_1_567' title='bbox 685 2957 838 2984; x_wconf 91' lang='lat' dir='ltr'>morum</span> <span class='ocrx_word' id='word_1_568' title='bbox 866 2946 968 2984; x_wconf 88' lang='lat' dir='ltr'>inter</span> <span class='ocrx_word' id='word_1_569' title='bbox 994 2957 1035 2984; x_wconf 92' lang='lat' dir='ltr'>se</span> <span class='ocrx_word' id='word_1_570' title='bbox 1062 2946 1290 2984; x_wconf 88' lang='lat' dir='ltr'>coniunctos</span> <span class='ocrx_word' id='word_1_571' title='bbox 1325 2945 1367 2982; x_wconf 93' lang='lat' dir='ltr'>in</span> <span class='ocrx_word' id='word_1_572' title='bbox 1400 2945 1485 2982; x_wconf 89' lang='lat' dir='ltr'>eius</span> <span class='ocrx_word' id='word_1_573' title='bbox 1511 2942 1628 2981; x_wconf 88' lang='lat' dir='ltr'>fidem</span> <span class='ocrx_word' id='word_1_574' title='bbox 1661 2955 1702 2982; x_wconf 89' lang='lat' dir='ltr'>se</span> <span class='ocrx_word' id='word_1_575' title='bbox 1730 2943 1951 2991; x_wconf 89' lang='lat' dir='ltr'>contulisse,</span> <span class='ocrx_word' id='word_1_576' title='bbox 1987 2943 2055 2993; x_wconf 91' lang='lat' dir='ltr'>qui</span> <span class='ocrx_word' id='word_1_577' title='bbox 2087 2943 2136 2980; x_wconf 85' lang='lat' dir='ltr'>iis</span> <span class='ocrx_word' id='word_1_578' title='bbox 2170 2940 2376 2979; x_wconf 85' lang='lat' dir='ltr'>videbatur</span> 
     </span>
     <span class='ocr_line' id='line_1_44' title="bbox 104 3003 2377 3059; baseline -0.002 -14"><span class='ocrx_word' id='word_1_579' title='bbox 104 3008 331 3046; x_wconf 81' lang='lat' dir='ltr'>auctoritate</span> <span class='ocrx_word' id='word_1_580' title='bbox 359 3013 395 3046; x_wconf 88' lang='lat' dir='ltr'>et</span> <span class='ocrx_word' id='word_1_581' title='bbox 424 3008 562 3059; x_wconf 89' lang='lat' dir='ltr'>opibus</span> <span class='ocrx_word' id='word_1_582' title='bbox 591 3010 814 3059; x_wconf 87' lang='lat' dir='ltr'>aptissimus</span> <span class='ocrx_word' id='word_1_583' title='bbox 843 3008 892 3046; x_wconf 92' lang='lat' dir='ltr'>ad</span> <span class='ocrx_word' id='word_1_584' title='bbox 921 3010 1006 3046; x_wconf 89' lang='lat' dir='ltr'>iura</span> <span class='ocrx_word' id='word_1_585' title='bbox 1041 3010 1263 3046; x_wconf 87' lang='lat' dir='ltr'>communia</span> <span class='ocrx_word' id='word_1_586' title='bbox 1299 3006 1551 3053; x_wconf 82' lang='lat' dir='ltr'>defendenda,</span> <span class='ocrx_word' id='word_1_587' title='bbox 1591 3007 1644 3043; x_wconf 90' lang='lat' dir='ltr'>ita</span> <span class='ocrx_word' id='word_1_588' title='bbox 1671 3018 1739 3056; x_wconf 89' lang='lat' dir='ltr'>per</span> <span class='ocrx_word' id='word_1_589' title='bbox 1766 3018 1807 3044; x_wconf 91' lang='lat' dir='ltr'>se</span> <span class='ocrx_word' id='word_1_590' title='bbox 1835 3006 1971 3053; x_wconf 87' lang='lat' dir='ltr'>elucet,</span> <span class='ocrx_word' id='word_1_591' title='bbox 2012 3010 2054 3043; x_wconf 89' lang='lat' dir='ltr'>ut</span> <span class='ocrx_word' id='word_1_592' title='bbox 2093 3003 2277 3042; x_wconf 87' lang='lat' dir='ltr'>credibile</span> <span class='ocrx_word' id='word_1_593' title='bbox 2316 3004 2377 3053; x_wconf 91' lang='lat' dir='ltr'>sit,</span> 
     </span>
    </p>
   </div>
  </div>
 </body>
</html>
