2519 3449
1174 183 1224 220 22

70 381 211 409 sensus
239 371 490 409 humanitatis
530 370 783 421 relinquatur.
840 369 989 417 Quodsi
1027 383 1109 421 nos,
1150 383 1316 424 quorum
1355 371 1495 409 itinera
1522 373 1560 409 et
1586 369 1841 421 profectiones
1880 369 2003 408 multo
2042 370 2215 409 faciliora
2252 377 2344 412 sunt

70 446 191 484 quam
218 434 388 473 hominis
413 433 622 481 Homerici,
663 445 831 483 quorum
871 434 974 471 vitae
1002 435 1291 473 commoditates
1328 434 1453 484 magis
1480 434 1520 470 in
1549 433 1666 471 rebus
1705 433 1948 471 extrinsecus
1976 434 2128 483 agitatis
2156 446 2274 485 quam
2300 435 2343 472 in

69 496 297 535 hominibus
338 508 548 546 eorumque
588 496 789 535 voluntate
828 497 976 548 positae
1017 501 1118 547 sunt,
1164 498 1212 536 ad
1253 496 1532 536 humanitatem
1571 495 1827 534 informamur
1870 494 2161 546 proficiscendo,
2207 498 2342 548 quanti

70 561 259 598 momenti
286 563 467 611 putamus
495 559 544 597 ad
587 559 898 599 benevolentiam
935 561 1158 600 hominibus
1203 559 1471 612 praestandam
1507 560 1628 598 fuisse
1655 571 1789 598 eorum
1816 559 2156 610 peregrinationes,
2198 560 2342 611 quibus

70 623 212 661 itinera
239 621 468 660 facientibus
495 623 574 660 nisi
600 622 779 673 hospitiis
806 623 915 661 nulla
942 635 984 661 re
1011 624 1203 661 auxilium
1231 624 1321 662 ferri
1348 622 1499 673 potuit?

259 695 492 734 Proximum
510 700 579 746 est,
608 700 652 735 ut
671 696 718 735 de
737 696 917 735 amicitiis
941 696 1126 736 dicamus.
1174 696 1347 743 Quarum
1364 695 1649 746 iungendarum
1670 700 1707 734 et
1725 695 2003 735 servandarum
2031 708 2154 746 quum
2173 697 2342 736 maxime

76 759 250 796 omnium
278 758 502 796 mortalium
531 759 699 797 Graecos
729 759 849 797 fuisse
887 760 1081 797 studiosos
1103 764 1277 808 constet,
1314 758 1426 796 facile
1453 758 1702 809 intellegitur,
1730 770 1795 796 eos
1823 770 1872 796 ne
1898 759 1969 796 hac
1996 759 2037 795 in
2065 769 2107 796 re
2136 759 2293 809 quidem
2321 771 2343 797 a

70 821 246 860 moribus
272 822 464 860 maiorum
491 823 545 860 ita
574 822 769 871 defecisse,
803 827 845 859 ut
873 834 953 859 non
978 834 1027 860 ex
1047 823 1202 861 Achille
1230 827 1267 861 et
1293 821 1470 860 Patroclo
1503 821 1729 871 exemplum
1762 821 1837 859 sibi
1870 826 2075 859 sumerent.
2132 820 2235 866 Quid
2261 822 2342 860 ita?

77 883 178 929 Quia
204 884 425 933 amicitiam,
458 888 501 922 ut
529 885 582 922 ait
610 883 753 932 Cicero,
782 885 856 922 nisi
883 884 925 921 in
953 884 1150 932 bonis,¹4³)
1187 897 1270 923 esse
1297 897 1376 922 non
1404 895 1516 934 posse
1543 883 1718 921 Achilles
1756 887 1793 921 et
1820 883 2032 932 Patroclus,
2061 884 2093 921 si
2124 884 2342 935 quisquam,

75 946 381 995 declaraverunt,
410 959 533 997 quum
551 959 630 985 non
657 947 771 985 modo
791 947 953 984 summis
983 947 1191 985 virtutibus
1211 948 1312 985 inter
1339 958 1476 985 onmes
1494 950 1731 997 praestantes
1751 947 1992 996 exsisterent,
2021 946 2089 984 sed
2119 947 2235 984 etiam
2262 953 2342 985 tam

73 1009 193 1058 fideli,
225 1014 305 1047 tam
329 1015 474 1058 sancta,
515 1016 592 1048 tam
621 1011 787 1061 perfecta
815 1010 982 1048 amicitia
1008 1015 1159 1060 praeter
1196 1015 1343 1048 ceteros
1378 1010 1568 1058 florerent,
1606 1013 1650 1047 ut
1682 1010 1746 1047 hic
1774 1010 1939 1048 Achillis
1968 1010 2083 1048 armis
2112 1010 2273 1048 indutus
2300 1011 2342 1048 in

69 1072 200 1111 locum
228 1073 312 1111 eius
340 1072 564 1111 succederet
591 1072 799 1122 confidens,
829 1085 870 1111 se
899 1072 1072 1122 eandem,
1109 1085 1226 1124 quam
1254 1073 1428 1112 Achilles
1467 1076 1697 1111 consecutus
1725 1077 1816 1121 erat,
1849 1072 2011 1123 gloriam
2039 1072 2200 1123 adipisci
2219 1084 2341 1123 posse,

69 1139 114 1173 ut
139 1135 206 1173 ille
233 1136 481 1173 immaturam
509 1140 671 1173 mortem
698 1137 800 1173 vitae
827 1136 966 1186 longae
993 1136 1209 1186 praeferret,
1249 1136 1461 1174 dummodo
1490 1137 1655 1173 amicum
1685 1135 1947 1173 ulcisceretur.
2003 1136 2186 1173 Amicitia
2213 1135 2342 1173 autem

76 1211 200 1249 quum
228 1211 309 1237 non
335 1211 356 1237 e
384 1199 584 1249 sanguinis
613 1200 886 1238 coniunctione
915 1212 1102 1250 suspensa
1130 1201 1190 1248 sit,
1229 1200 1295 1238 sed
1325 1201 1575 1238 contrahatur
1607 1213 1630 1237 a
1657 1200 1750 1237 viris
1789 1198 1912 1247 bonis,
1952 1200 2019 1249 qui
2057 1199 2152 1237 alter
2178 1199 2341 1237 alterum

70 1266 228 1313 propter
254 1261 548 1300 similitudinem
576 1273 729 1299 morum
757 1265 794 1299 et
821 1261 1036 1300 studiorum
1065 1266 1206 1311 amant,
1235 1262 1462 1314 dignissima
1489 1266 1546 1300 est
1574 1262 1729 1300 homine
1756 1260 1878 1299 libero
1899 1265 1936 1299 et
1963 1274 2053 1300 eum
2082 1262 2265 1312 aptiorem
2293 1262 2341 1300 ad

73 1326 221 1376 optima
238 1319 425 1376 'quaeque
453 1325 699 1375 suscipienda
726 1325 826 1363 facit.
881 1325 1018 1376 Itaque
1047 1330 1089 1363 ut
1110 1326 1285 1375 Odyssea
1313 1327 1354 1364 in
1373 1326 1554 1364 societate
1581 1325 1765 1363 connubii
1793 1329 1831 1363 et
1847 1325 2017 1363 familiae
2037 1325 2341 1364 commendanda

71 1393 109 1427 et
135 1388 333 1427 laudanda
360 1389 516 1437 versari,
544 1389 601 1426 sic
628 1393 704 1426 tota
732 1388 826 1427 Ilias
854 1401 967 1439 agere
995 1389 1042 1426 de
1070 1390 1237 1427 amicitia
1262 1389 1494 1428 illustranda
1521 1392 1559 1426 et
1587 1388 1817 1426 celebranda
1844 1388 2008 1426 videtur.
2064 1389 2209 1427 Amore
2236 1390 2340 1427 enim

70 1451 241 1490 Patrocli
270 1455 483 1489 commotus
510 1451 685 1489 Achilles
713 1463 839 1502 usque
866 1463 910 1489 eo
938 1452 1036 1489 iram
1063 1452 1246 1501 cohibuit,
1274 1457 1317 1490 ut
1345 1453 1514 1490 amicum
1542 1452 1623 1489 suis
1652 1452 1770 1488 armis
1798 1455 1977 1489 ornatum
2005 1463 2076 1489 suo
2095 1451 2180 1489 loco
2208 1456 2341 1490 contra

68 1515 256 1552 Troianos
283 1518 498 1565 pugnatum
524 1514 716 1565 proficisci
744 1518 955 1565 pateretur,
985 1521 1101 1566 atque
1129 1517 1242 1553 etiam
1270 1515 1405 1554 eodem
1447 1526 1576 1552 amore
1610 1515 1792 1553 incensus
1826 1515 1884 1552 ira
1918 1514 2100 1565 deposita,
2136 1519 2340 1566 postquam

73 1590 165 1616 cum
184 1578 477 1628 Agamemnone
504 1578 775 1615 reconciliatus
795 1582 862 1626 est,
891 1590 973 1616 eam
1003 1592 1176 1629 pugnam
1195 1580 1349 1630 recepit,
1379 1580 1492 1616 cuius
1511 1583 1586 1615 tam
1611 1578 1679 1616 diu
1698 1590 1835 1628 expers
1854 1578 1989 1626 fuerat,
2017 1584 2054 1615 et
2073 1578 2339 1616 crudelissime

72 1642 114 1677 in
142 1640 352 1677 Hectorem
390 1640 595 1677 consuluit.
650 1641 732 1678 Nec
770 1653 862 1678 vero
902 1641 1117 1691 quidquam
1156 1643 1190 1679 ei
1219 1643 1342 1691 potuit
1370 1649 1596 1690 τραγικώτερον
1635 1641 1819 1688 accidere,
1862 1653 1979 1690 quam
2020 1641 2123 1689 quod
2162 1642 2244 1690 ipse
2272 1653 2340 1691 pro

74 1703 283 1742 immodica
310 1703 367 1741 ira
392 1703 553 1753 punitus
581 1709 648 1752 est,
690 1703 875 1742 damnum
915 1704 1061 1742 faciens
1090 1705 1215 1753 amici,
1256 1718 1332 1755 quo
1371 1705 1469 1743 nihil
1496 1706 1531 1742 ei
1570 1705 1697 1742 carius
1724 1704 1806 1741 fuit.
1862 1703 1970 1742 Nihil
1997 1704 2118 1753 igitur
2144 1704 2339 1754 reliquum

69 1770 162 1815 erat,
190 1766 265 1803 nisi
293 1770 336 1803 ut
365 1777 480 1815 quem
508 1766 677 1803 amicum
704 1766 899 1804 viventem
926 1779 1004 1804 non
1031 1767 1109 1804 iam
1128 1767 1169 1804 in
1190 1767 1338 1805 deliciis
1358 1767 1503 1816 habuit,
1531 1779 1620 1805 eum
1646 1770 1843 1804 mortuum
1871 1769 1909 1803 et
1934 1767 2070 1816 poenis
2098 1766 2145 1804 ab
2173 1766 2340 1805 Hectore

69 1828 291 1879 repetendis
318 1832 354 1865 et
380 1828 667 1878 magnificentia
695 1829 915 1878 sepulturae
944 1830 1158 1867 honoraret.
1213 1830 1263 1867 Et
1291 1831 1459 1880 profecto
1488 1830 1652 1867 confecit
1679 1830 1751 1867 hoc
1780 1834 1990 1879 utrumque
2017 1831 2081 1876 ita,
2122 1834 2175 1878 ut,
2213 1831 2338 1879 qualis

70 1896 108 1930 et
148 1895 291 1941 quanta
328 1890 464 1928 fuisset
502 1902 546 1928 ea
584 1891 770 1940 amicitia,
816 1891 983 1929 eluceret
1022 1893 1144 1942 magis
1184 1896 1336 1930 mortuo
1365 1892 1542 1931 Patroclo
1582 1905 1699 1942 quam
1726 1892 1826 1929 vivo.
1895 1891 1979 1930 Nec
2003 1904 2093 1929 vero
2133 1893 2340 1931 amicitiam

70 1954 238 1992 Achillis
287 1958 323 1990 et
363 1953 532 1991 Patrocli
574 1958 640 1991 aut
688 1966 807 1991 unam
855 1958 891 1991 et
932 1955 1054 1991 solam
1094 1956 1214 1993 fuisse
1256 1960 1323 1993 aut
1364 1956 1672 1993 commenticiam
1713 1967 1816 2003 esse,
1862 1955 1930 1992 sed
1970 1955 2114 1992 inultos
2164 1955 2338 1993 homines

68 2017 315 2065 Homericos,
361 2018 443 2055 sive
482 2029 679 2055 armorum
717 2019 859 2066 socios,
905 2018 986 2055 sive
1026 2018 1234 2057 familiares
1279 2019 1457 2056 similiter
1494 2020 1594 2056 inter
1632 2030 1672 2056 se
1712 2030 1860 2056 amasse
1898 2023 1952 2066 et,
2004 2020 2036 2055 si
2078 2019 2221 2056 amicos
2260 2019 2339 2056 vita

68 2081 374 2131 superavissent,
418 2085 589 2117 mortuos
628 2092 698 2131 pro
735 2080 886 2118 viribus
925 2081 1148 2119 condendos
1189 2093 1345 2119 curasse
1390 2094 1466 2119 non
1506 2082 1621 2119 modo
1660 2081 1750 2118 inde
1790 2085 1957 2131 apparet,
2000 2081 2103 2131 quod
2142 2081 2338 2120 Homerus

66 2144 280 2182 multorum
313 2143 620 2181 commilitonum
659 2148 696 2181 et
737 2144 949 2181 amicorum
987 2145 1221 2182 mentionem
1259 2144 1435 2193 facit,¹44)
1478 2145 1545 2183 sed
1588 2145 1703 2182 etiam
1741 2132 1809 2194 per
1850 2156 1891 2182 se
1930 2143 2114 2181 credibile
2153 2148 2219 2182 est.
2274 2145 2339 2182 An

65 2219 147 2245 non
175 2206 370 2245 Homerus
398 2211 454 2244 est
491 2207 524 2244 is
552 2210 665 2256 poeta
704 2207 745 2244 in
773 2207 917 2257 primis,
957 2208 1025 2257 qui
1054 2220 1173 2257 quum
1203 2208 1337 2246 multis
1377 2208 1493 2246 rebus
1532 2212 1615 2246 tum
1654 2208 1825 2245 maxime
1852 2219 1897 2245 eo
1933 2219 2003 2245 nos
2032 2219 2149 2245 sensu
2185 2208 2339 2258 pulchri

66 2269 225 2314 imbuat,
255 2268 371 2319 quod,
400 2269 593 2319 quidquid
621 2270 792 2320 exponit,
821 2281 841 2307 e
868 2270 948 2307 vita
968 2270 1128 2308 ductum
1159 2271 1248 2308 est?
1305 2270 1379 2309 Sed
1409 2272 1449 2309 in
1476 2271 1593 2309 rebus
1613 2271 1864 2321 apertissimis
1883 2270 2047 2308 nimium
2067 2270 2173 2321 longi
2192 2282 2338 2309 sumus.

65 2332 231 2370 Mortuis
258 2333 379 2383 igitur
405 2344 489 2370 mos
517 2338 597 2371 erat
631 2337 674 2371 ut
701 2345 782 2371 non
810 2333 924 2371 modo
959 2333 1130 2371 lacrimis
1158 2338 1195 2371 et
1222 2334 1505 2384 lamentatione,
1534 2334 1601 2372 sed
1629 2334 1745 2372 etiam
1776 2346 1917 2385 pompa
1936 2334 2211 2384 exsequiarum
2237 2335 2340 2372 iusta

65 2396 386 2445 persolverentur.
442 2394 555 2439 Quod
582 2397 659 2433 nisi
685 2395 769 2433 fieri
797 2399 956 2445 poterat,
988 2396 1217 2446 simpliciter
1243 2397 1361 2433 funus
1381 2396 1625 2434 humandum
1652 2400 1732 2433 erat
1759 2401 1797 2434 et
1824 2396 1999 2434 tumulus
2027 2397 2334 2446 exaggerandus,

66 2458 208 2508 quippe
237 2471 359 2508 quum
389 2460 457 2509 qui
484 2462 661 2496 mortuus
689 2462 770 2496 erat
797 2458 873 2495 nisi
900 2459 1074 2508 sepultus
1101 2460 1342 2509 requiescere
1377 2458 1636 2510 nequiret.14⁶)
1691 2457 1766 2497 Sed
1794 2458 1957 2497 simulac-
1985 2463 2022 2496 et
2049 2459 2273 2509 lugentibus
2301 2463 2339 2498 et

65 2522 229 2558 mortuis
255 2521 494 2559 satisfactum
521 2527 613 2569 erat,
640 2521 668 2557 ii
698 2521 766 2570 qui
792 2522 1017 2570 superstites
1044 2524 1287 2559 mortuorum
1314 2526 1433 2571 erant,
1472 2521 1567 2559 adeo
1602 2533 1680 2559 non
1717 2522 1795 2559 iam
1836 2521 2037 2570 moriendi,
2084 2521 2150 2559 sed
2180 2522 2337 2560 vivendi

64 2595 255 2622 memores
283 2588 401 2633 erant,
442 2588 485 2622 ut
513 2595 534 2622 e
560 2583 724 2634 vestigio
766 2583 815 2621 ad
842 2583 956 2622 ludos
998 2596 1038 2622 se
1067 2584 1295 2634 conferrent,
1318 2585 1377 2622 'in
1421 2584 1565 2635 quibus
1605 2583 1790 2622 faciendis
1833 2597 1949 2635 quam
1988 2584 2158 2622 iucunde
2186 2588 2337 2635 tempus

64 2650 243 2695 tererent,
271 2658 291 2684 e
318 2647 423 2685 ludis
449 2646 679 2685 funebribus
706 2646 956 2697 intellegitur,
987 2647 1130 2697 quibus
1150 2648 1323 2686 Achilles
1366 2659 1547 2698 supremo
1576 2648 1618 2684 in
1643 2646 1866 2685 Patroclum
1905 2647 2031 2685 officio
2061 2647 2218 2686 functus
2246 2660 2337 2686 suos

65 2713 104 2748 et
130 2708 299 2748 Patrocli
338 2710 620 2748 commilitones
662 2709 845 2747 delectari
872 2709 1070 2757 iussit.¹4⁶)
1124 2709 1279 2748 Etenim
1316 2710 1415 2749 illud
1453 2722 1577 2761 genus
1613 2710 1814 2748 hominum
1854 2722 1972 2760 quam
2009 2710 2167 2748 vivendi
2206 2722 2339 2749 amans

65 2776 149 2812 erat
176 2776 256 2811 tam
284 2772 457 2811 celeriter
484 2773 658 2812 satietate
684 2772 846 2823 lugendi
873 2773 1106 2825 capiebatur.

255 2834 314 2873 De
333 2837 494 2874 mortuis
513 2836 712 2886 loquimur
731 2840 769 2874 et
788 2836 835 2874 de
852 2838 912 2887 iis,
941 2849 1040 2888 quae
1061 2837 1110 2874 ad
1129 2841 1370 2875 mortuorum
1390 2838 1576 2875 honorem
1594 2836 1677 2874 fieri
1697 2836 1881 2875 solebant.
1929 2836 2032 2883 Quid
2056 2837 2239 2875 tandem?
2269 2838 2337 2888 qui

63 2901 107 2938 in
134 2901 216 2939 vita
243 2903 334 2938 sunt
360 2911 490 2938 nonne
516 2900 639 2938 multo
667 2901 802 2951 magis,
830 2905 873 2939 ut
901 2904 992 2939 sunt
1019 2900 1213 2938 honorum
1241 2900 1383 2950 cupidi,
1411 2900 1624 2938 honoribus
1652 2900 1846 2939 afficiendi
1874 2901 1993 2939 sunt?
2048 2900 2181 2939 Restat
2207 2902 2337 2951 igitur,

67 2967 109 3000 ut
128 2973 383 3013 exponamus
412 2963 506 3013 quid
524 2963 640 3001 homo
654 2962 886 3001 Homericus
907 2963 954 3001 de
972 2963 1118 3001 honore
1136 2962 1374 3001 iudicaverit.
1398 2964 1400 2967 ⁴
1420 2963 1552 3013 Atque
1572 2963 1613 3000 in
1633 2974 1678 3001 ea
1697 2975 1739 3001 re
1771 2962 1941 3011 αἰδώςω)
1959 2963 2000 3002 id
2017 2967 2074 3002 est
2093 2963 2338 3014 verecundia,

66 3038 144 3075 qua
183 3026 251 3075 qui
291 3027 472 3064 commoti
511 3031 613 3074 sunt,
658 3038 707 3064 ne
745 3027 841 3076 quid
877 3027 1051 3064 indecori
1089 3028 1343 3075 committant,
1384 3027 1565 3076 pietatem
1598 3028 1638 3064 in
1680 3027 1772 3064 deos
1809 3031 2024 3077 praestant,
2063 3026 2337 3077 distinguenda
