2519 3449
1234 175 1261 213 4

111 363 313 401 voluntate
332 362 447 401 homo
466 361 700 401 Homericus
717 362 944 413 dirigendus
959 364 1017 402 sit.
1061 363 1147 409 Quo
1165 363 1219 413 fit,
1238 367 1282 402 ut
1297 362 1474 414 quisquis
1489 362 1536 401 de
1555 375 1600 402 eo
1621 367 1724 403 recte
1743 365 1914 403 iudicare
1933 370 1967 405 et
1984 367 2061 417 ipse
2079 367 2161 405 vult
2179 370 2216 405 et
2234 367 2300 405 alii
2318 370 2363 406 ut

111 426 262 477 possint
285 425 420 475 facere,
446 426 482 464 ei
508 425 777 476 quaerendum
804 427 864 476 sit,
894 427 988 478 quid
1016 427 1131 466 homo
1158 427 1389 466 Homericus
1417 426 1591 465 voluerit.
1643 427 1746 466 Ecce
1765 432 1893 467 autem
1921 427 2118 468 Sallustius
2137 418 2361 469 confirmare

111 489 277 538 videtur,
295 489 495 527 voluntate
509 488 757 539 explananda
772 490 973 541 explanari
992 494 1029 529 et
1043 491 1184 541 aperiri
1202 494 1381 529 naturam
1398 490 1619 539 humanam,
1636 504 1759 542 quum
1778 492 1881 541 dicit,
1899 488 2000 532 id'em
2014 492 2109 531 velle
2128 497 2238 544 atque
2256 492 2360 531 idem

111 551 225 601 nolle,
245 564 330 590 eam
344 563 428 590 esse
446 563 578 589 veram
593 552 846 601 amicitiam.³)
885 552 987 598 Quid
1006 554 1085 592 ita?
1119 553 1219 599 Quia
1237 555 1443 592 amicitiam
1462 557 1529 592 aut
1546 555 1669 592 ullam
1688 567 1771 593 esse
1785 566 1897 606 posse
1916 560 1979 594 aut
1994 560 2130 594 certam
2139 560 2264 606 negat,
2283 557 2360 594 nisi

111 616 259 654 amicus
278 616 447 653 amicum
466 615 625 654 adiuvet
643 616 693 654 ad
713 616 986 667 consequenda
1001 628 1056 666 ea,
1078 628 1177 667 quae
1191 618 1360 655 maxime
1379 617 1594 667 expetenda
1612 621 1737 668 putet3
1765 617 1869 669 quod
1886 622 2012 657 autem
2026 619 2173 670 plurimi
2194 620 2359 669 quisque

110 679 285 716 aestimet
308 678 475 728 ideoque
493 678 599 727 velit,
625 690 669 716 eo
695 682 873 716 naturam
893 680 977 716 eius
997 680 1202 730 explicari,
1232 692 1322 731 ergo
1342 692 1391 718 ex
1412 680 1665 719 similitudine
1684 692 1837 719 morum
1855 685 1991 719 natura
2011 682 2206 720 constituta
2224 693 2357 720 veram

110 742 319 781 amicitiam
346 741 549 792 proficisci.
595 742 650 781 At
677 754 768 780 vero
796 754 875 780 non
901 746 1027 793 potest
1053 742 1148 792 fieri,
1176 747 1220 782 ut
1240 744 1446 794 quisquam
1470 743 1574 793 velit,
1605 744 1711 794 quod
1737 756 1817 782 11011
1844 747 1910 782 aut
1934 756 2047 783 sensu
2064 745 2268 795 perceperit
2287 748 2354 784 aut

108 809 237 844 mente
264 805 511 844 intellexerit.
566 804 662 852 Quis
690 806 830 856 negat?
885 805 960 845 Sed
988 818 1068 845 non
1095 807 1218 857 magis
1247 807 1353 857 quod
1382 808 1546 858 quisque
1574 807 1660 845 vult
1687 819 1707 845 e
1735 819 1853 846 sensu
1879 811 1943 846 aut
1969 809 2188 858 cogitatione
2214 807 2357 858 pendet

108 881 226 919 quam
256 868 361 918 quod
389 869 505 906 sentit
533 872 599 906 aut
627 870 767 919 cogitat
793 870 835 906 in
863 870 1063 908 voluntate
1090 871 1258 920 positum
1287 874 1353 908 est.
1407 871 1543 920 Neque
1571 871 1674 908 enim
1708 871 1763 908 ita
1789 871 1956 920 generati
1991 882 2013 908 a
2047 874 2174 909 natura
2209 882 2355 920 sumus,

108 935 152 969 ut
178 943 261 969 rem
288 931 411 969 ullam
440 931 596 981 dignam
625 933 905 981 existimemus,
946 934 1010 970 cui
1038 933 1272 977 studeamus,
1308 945 1386 982 qua
1418 945 1495 970 non
1525 933 1656 982 aliquo
1684 932 1799 969 modo
1838 932 2065 970 delectemur
2105 944 2213 982 arque
2240 944 2354 970 omne

108 994 251 1032 animal
272 997 309 1032 et
335 993 446 1045 fugit,
475 994 580 1044 quod
609 994 683 1032 sibi
711 1006 861 1044 nocere,
891 998 928 1033 et
956 996 1109 1046 appetit,
1139 994 1243 1044 quod
1262 994 1335 1032 sibi
1364 995 1546 1045 prodesse
1573 996 1701 1033 sensit.
1749 994 1877 1040 Quid?
1906 995 2070 1033 iucunda
2097 995 2152 1032 vel
2173 995 2356 1045 optabilia

109 1068 208 1107 quae
236 1056 350 1095 nobis
369 1057 552 1094 videntur
570 1069 700 1095 nonne
727 1057 823 1095 adeo
844 1062 1014 1096 mentem
1035 1059 1145 1108 quasi
1172 1062 1492 1109 praeoccupatam
1520 1062 1557 1096 et
1574 1062 1818 1109 praeceptam
1836 1062 1975 1107 tenent,
2003 1062 2046 1096 ut
2062 1059 2160 1108 qued
2189 1059 2356 1109 quisque

106 1121 278 1159 maxime
306 1119 569 1171 expetendum
597 1132 680 1159 esse
706 1124 826 1172 putet,
856 1125 923 1160 aut
951 1133 1034 1160 esse
1063 1126 1128 1160 aut
1146 1122 1277 1161 futura
1304 1133 1388 1160 esse
1416 1121 1611 1173 speret?⁴)
1666 1121 1711 1172 Ii,
1741 1123 1808 1173 qui
1835 1134 1937 1160 nunc
1964 1126 2060 1171 sunt,
2090 1124 2153 1173 qui
2180 1135 2202 1161 a
2224 1123 2354 1174 pueris

109 1188 365 1224 assueverunt
393 1188 431 1223 et
459 1184 677 1223 didicerunt
702 1186 744 1223 in
771 1190 958 1236 potestate
986 1187 1124 1224 mentis
1163 1198 1246 1224 esse
1281 1189 1318 1224 et
1350 1187 1491 1225 rationi
1526 1197 1670 1237 parere,
1706 1197 1984 1236 nonnunquam
2018 1187 2067 1224 ita
2099 1186 2356 1237 praeiudicata

110 1249 291 1298 opinione
327 1249 428 1298 capti
466 1252 567 1297 sunt,
606 1253 649 1287 ut
686 1261 807 1299 prava
846 1251 1077 1300 cogitatione
1115 1254 1302 1300 cogantur
1339 1249 1480 1287 falsum
1517 1253 1670 1299 putare:
1723 1249 1913 1287 hominem
1951 1249 2204 1297 Homericum,
2243 1251 2355 1287 cuius

107 1310 285 1349 nondum
311 1314 479 1349 mentem
507 1311 769 1362 longinquum
797 1317 834 1351 et
862 1325 949 1351 acre
977 1313 1149 1351 studium
1176 1313 1376 1351 literarum
1403 1316 1569 1361 acuerat,
1605 1313 1717 1350 cuius
1746 1311 1916 1350 nondum
1952 1312 2098 1350 animus
2127 1325 2143 1350 a
2172 1312 2354 1363 simplici-

107 1377 184 1412 tate
212 1377 372 1412 naturae
401 1374 708 1424 degeneraverat,
736 1380 920 1426 putamus
939 1377 1110 1426 potuisse
1137 1377 1179 1414 in
1197 1375 1377 1414 omnibus
1404 1375 1521 1413 rebus
1547 1374 1831 1425 perpendendis
1852 1375 1942 1425 quid
1971 1387 2100 1413 verum
2129 1379 2233 1422 esset,
2260 1375 2354 1425 quid

105 1436 258 1484 falsum,
286 1436 478 1474 subtiliter
506 1436 747 1475 diiudicare?
803 1437 880 1476 Sed
907 1440 1023 1477 nimis
1050 1439 1191 1486 multa,
1229 1439 1477 1489 perspicuum
1505 1441 1562 1476 est
1588 1438 1703 1486 enim,
1732 1437 1923 1475 hominem
1949 1429 2202 1487 Homericum,
2232 1450 2353 1488 quum

105 1499 332 1549 longissime
360 1499 407 1537 ab
436 1511 480 1537 ea
507 1500 720 1539 subtilitate
748 1501 860 1550 absit,
890 1515 1006 1551 quam
1034 1504 1108 1539 viri
1137 1503 1239 1540 docti
1266 1514 1344 1539 non
1372 1505 1536 1551 possunt
1562 1513 1640 1538 non
1670 1500 1852 1537 adhibere
1879 1501 1937 1538 vel
1967 1501 2008 1538 in
2036 1501 2352 1550 (lisputationibus

104 1561 297 1601 habendis
324 1561 387 1600 vel
414 1562 455 1600 in
483 1562 774 1602 conscribendis
803 1563 1202 1614 commentationibus,
1232 1575 1382 1615 semper
1414 1564 1456 1602 in
1483 1564 1564 1601 vita
1591 1575 1723 1602 omnes
1759 1562 1808 1601 ad
1844 1568 1966 1614 paites
2001 1563 2266 1602 conformanda
2299 1564 2353 1602 ita

104 1638 147 1664 se
172 1637 316 1676 gerere,
344 1630 388 1664 ut
415 1638 513 1675 quae
541 1629 705 1665 senserit
739 1632 776 1665 et
813 1640 912 1677 quae
945 1629 1170 1678 cogitaverit
1204 1640 1282 1665 non
1321 1629 1468 1677 possint
1497 1627 1663 1665 discerni
1693 1627 1741 1664 ab
1779 1628 1837 1674 iis,
1878 1639 1973 1676 quae
2001 1628 2168 1665 voluerit.
2224 1626 2351 1672 Quare

105 1688 299 1740 quidquid
327 1688 374 1727 de
401 1692 539 1727 natura
567 1689 729 1728 deorum
755 1690 914 1740 iudicat,
953 1690 1145 1742 quidquid
1174 1690 1221 1729 de
1247 1690 1417 1729 humano
1452 1691 1580 1728 animo
1616 1689 1864 1741 cogitandum
1899 1702 1979 1728 csse
2012 1694 2126 1741 putat,
2164 1702 2240 1729 non
2269 1694 2349 1729 tam

103 1753 215 1790 docet
240 1753 305 1801 ita,
332 1755 376 1789 ut
402 1753 500 1789 nihil
528 1757 673 1803 spectet
700 1755 776 1791 nisi
805 1755 1006 1792 veritatem
1032 1755 1167 1804 ipsam,
1196 1766 1311 1804 quam
1341 1753 1389 1790 ad
1416 1765 1481 1791 eas
1506 1764 1568 1790 res
1596 1757 1762 1802 revocat,
1798 1764 1892 1802 quas
1919 1754 2082 1791 maxime
2117 1753 2350 1803 expetendas

101 1827 187 1853 esse
214 1816 419 1853 existimat.
474 1815 578 1853 Hinc
605 1816 675 1853 illa
699 1818 932 1866 ingenuitas,
960 1817 1051 1854 hinc
1078 1817 1146 1853 illa
1172 1816 1409 1866 simplicitas,
1448 1815 1590 1866 quibus
1630 1816 1699 1865 qui
1725 1815 1887 1865 praediti
1914 1820 2002 1853 sunt
2031 1816 2072 1853 ab
2101 1816 2206 1853 omni
2232 1816 2351 1853 simu-

100 1879 244 1918 latione
284 1882 321 1918 et
359 1878 665 1918 dissimulatione
704 1880 821 1919 alieni
858 1880 1041 1919 videntur
1079 1891 1173 1929 esse,
1211 1880 1287 1917 nisi
1326 1891 1417 1918 vero
1457 1879 1616 1918 Ulixem
1655 1879 1730 1917 alio
1766 1879 1886 1918 fuisse
1916 1880 2044 1917 animo
2075 1879 2210 1927 credis,
2246 1878 2350 1929 quod

100 1942 342 1993 Polyphemo
371 1953 421 1980 ex
449 1954 493 1981 eo
520 1954 663 1981 nomen
690 1944 928 1994 percontanti
958 1942 1033 1981 sibi
1059 1942 1216 1981 Nemini
1245 1954 1328 1981 esse
1354 1953 1495 1980 nomen
1521 1941 1772 1993 responderit.
1818 1941 1908 1980 Huc
1932 1941 2084 1992 accedit,
2106 1941 2209 1993 quod
2234 1942 2349 1980 homo

98 2005 344 2053 Homericus,
371 2006 410 2042 id
432 2006 535 2054 quod
563 2018 769 2043 commune
788 2006 929 2044 habere
956 2007 1052 2043 mihi
1071 2006 1227 2043 videtur
1246 2018 1335 2043 cum
1364 2009 1486 2054 poeta,
1514 2017 1718 2054 nunquam
1746 2017 1768 2040 a
1787 2005 1961 2041 sensibus
1989 2010 2151 2042 mentem
2171 2015 2350 2041 sevocare

99 2068 312 2117 consuevit,
342 2068 456 2118 quod,
492 2080 591 2119 quae
626 2081 706 2107 non
734 2069 879 2107 cadunt
905 2069 978 2108 sub
1006 2081 1175 2118 sensum,
1211 2069 1369 2107 omnino
1397 2068 1506 2106 nulla
1534 2079 1617 2106 esse
1644 2070 1771 2118 putat3
1801 2079 1851 2105 ex
1889 2080 1962 2117 quo
1996 2067 2048 2116 fit,
2079 2071 2122 2105 ut
2155 2066 2350 2104 Homerus

98 2131 294 2169 neminem
321 2143 495 2181 unquam
522 2131 724 2170 induxerit
750 2131 1104 2183 philosophantem;
1144 2143 1236 2169 nam
1271 2130 1526 2182 philosophus
1560 2142 1682 2181 quum
1708 2129 1809 2172 nihil
1837 2130 2031 2180 antiquius
2055 2128 2203 2178 habeat,
2232 2140 2352 2179 quam

97 2198 142 2233 ut
169 2195 251 2233 acie
278 2195 417 2233 mentis
445 2207 468 2232 a
494 2195 776 2234 consuetudine
803 2195 1004 2233 oculorum
1039 2195 1205 2233 abducta
1237 2194 1344 2232 ideas
1378 2194 1609 2244 cogitatione
1647 2193 1843 2232 abstrahat
1876 2206 1898 2232 a
1928 2193 2186 2244 singularibus
2222 2192 2349 2241 rebus,

99 2257 383 2296 dissimillimus
411 2261 468 2295 est
486 2258 769 2296 existimandus
788 2258 956 2296 hominis
974 2258 1180 2297 Homerici.
1230 2257 1306 2296 Sed
1325 2260 1369 2295 ut
1396 2269 1441 2294 ea
1468 2268 1529 2294 res
1549 2269 1629 2295 non
1655 2256 1928 2307 impedimento
1948 2261 2016 2305 est,
2045 2258 2136 2307 quin
2154 2255 2349 2294 Homerus

97 2331 167 2371 per
192 2321 382 2371 imagines
417 2320 619 2359 adumbret
652 2325 690 2359 et
723 2321 906 2372 depingat
940 2321 1084 2370 eadem,
1124 2332 1222 2371 quae
1260 2323 1393 2370 postea
1429 2319 1653 2370 philosophi
1691 2330 1762 2357 suo
1796 2330 1902 2357 more
1927 2317 2259 2370 explicaverunt,⁶)
2297 2317 2351 2354 ita

18 2415 23 2419 .
96 2383 363 2434 philosophiae
389 2384 511 2421 instar
528 2384 675 2422 homini
693 2384 902 2422 Homerico
931 2387 988 2422 est
1013 2388 1210 2434 tamquam
1238 2382 1429 2433 quaedam
1457 2382 1620 2420 scientia
1646 2382 1904 2419 maximarum
1929 2393 2055 2419 rerum
2083 2381 2131 2419 ad
2150 2380 2351 2430 vulgarem

96 2446 403 2497 popularemque
439 2457 597 2484 sensum
634 2446 930 2485 accommodata.
993 2446 1030 2484 N
1032 2457 1075 2484 ec
1112 2446 1239 2484 solum
1276 2445 1361 2483 1000
1398 2444 1664 2495 philosophiae
1697 2443 1915 2482 habuerunt
1951 2444 2123 2482 homiues
2151 2442 2350 2481 Homerici

97 2509 312 2547 doctrinam
339 2512 377 2547 et
403 2509 591 2547 rationem
618 2520 748 2547 rerum
776 2510 998 2548 divinarum
1017 2520 1303 2558 sacrarumque,
1331 2507 1399 2545 sed
1419 2508 1534 2545 etiam
1553 2519 1653 2557 quae
1680 2507 1921 2557 philosophia
1939 2516 2112 2545 versatur
2130 2507 2170 2543 in
2190 2506 2351 2553 actione,

96 2583 143 2612 ea
169 2572 313 2611 idcirco
340 2583 419 2611 non
445 2575 663 2621 caruerunt,
693 2572 797 2623 quod
816 2572 966 2623 aliquot
983 2566 1184 2621 praecepta
1203 2582 1282 2609 non
1303 2570 1501 2608 desierunt
1519 2570 1680 2619 tradere,
1710 2581 1810 2620 quae
1832 2570 1899 2620 qui
1924 2569 2137 2618 observant,
2165 2568 2351 2606 iustitiam

96 2637 134 2675 et
161 2634 256 2674 alias
283 2635 446 2674 virtutes
470 2635 612 2674 colunt.
658 2634 851 2675 Videlicet
879 2634 1058 2686 quisquis
1084 2646 1164 2673 non
1191 2634 1275 2673 sine
1301 2632 1432 2684 aliqua
1459 2633 1674 2672 constantia
1701 2633 1749 2672 ad
1778 2632 1929 2672 easdem
1956 2634 2161 2672 sententias
2185 2633 2350 2681 revocat,

96 2711 197 2749 quae
224 2699 274 2737 ad
301 2700 421 2736 vitam
447 2699 725 2737 instituendam
751 2700 958 2749 pertinent,
991 2699 1025 2736 si
1058 2699 1188 2736 minus
1220 2698 1304 2747 ipse
1337 2699 1395 2734 est
1421 2696 1686 2746 philosophus,
1722 2700 1761 2734 at
1794 2699 1895 2734 certe
1925 2695 2151 2746 philosopho
2186 2694 2351 2731 idoneus

94 2762 250 2801 videtur
278 2773 373 2812 esse,
401 2774 425 2800 a
452 2774 529 2813 quo
556 2762 800 2814 philosophia
827 2764 895 2800 aut
922 2760 1097 2800 doctrina
1124 2760 1259 2800 saltem
1287 2759 1421 2810 aliqua
1447 2762 1651 2810 repetatur.

283 2845 399 2885 Iuvat
424 2846 545 2897 igitur
571 2846 619 2885 de
645 2847 803 2885 homine
827 2845 1035 2885 Homerico
1062 2846 1116 2884 ita
1142 2844 1321 2894 scribere,
1348 2846 1393 2882 ut
1418 2844 1588 2894 primum
1607 2854 1860 2894 exponamus,
1890 2841 1983 2892 quid
2004 2840 2051 2879 de
2069 2852 2196 2879 rerum
2214 2843 2354 2877 natura

94 2910 267 2960 senserit,
294 2913 378 2948 tum
405 2909 501 2961 quid
527 2910 698 2948 maxime
726 2908 989 2960 expetendum
1005 2907 1070 2947 vel
1097 2920 1293 2947 summum
1321 2906 1468 2946 bonum
1486 2917 1571 2946 esse
1589 2906 1879 2956 existimaverit,
1904 2905 1946 2944 id
1969 2908 2037 2952 est,
2064 2903 2155 2955 quid
2174 2902 2351 2953 voluerit,

92 2975 181 3022 post
214 2972 310 3022 quid
341 2973 392 3011 sit
426 2984 576 3022 causae,
610 2984 681 3010 cur
712 2972 828 3010 homo
852 2971 1084 3010 Homericus
1118 2970 1250 3021 aliqua
1283 2981 1335 3008 ex
1362 2973 1470 3020 parte
1501 2970 1565 3008 vel
1591 2970 1652 3019 iis,
1686 2970 1755 3020 qui
1781 2981 1887 3007 nunc
1920 2971 2021 3017 sunt,
2055 2965 2276 3016 exemplum
2302 2965 2352 3003 ad

91 3034 325 3073 imitandum
350 3034 626 3085 proponendus
653 3035 712 3072 sit.
