2519 3449
122 366 166 401 ut
194 362 348 402 arbores
377 364 563 401 viatorem
589 360 751 399 floribus
780 360 983 412 oblectent,
1011 361 1189 401 reficiant
1217 361 1365 411 umbra,
1394 374 1473 400 non
1501 366 1653 400 tantum
1672 361 1813 409 valent,
1843 365 1886 398 ut
1904 361 1952 398 iis
1973 359 2264 398 dominantibus
2283 359 2392 397 locus

124 428 175 465 sit
202 426 526 465 administrationi
553 436 684 462 rerum
712 425 773 462 vel
801 425 939 463 mundi
967 430 1004 463 et
1031 425 1135 463 utin
1154 436 1288 462 eorum
1315 437 1434 476 regno
1464 426 1576 476 quasi
1606 424 1826 463 constantia
1844 427 2005 461 naturae
2033 423 2154 473 possit
2172 422 2393 460 consistere.

315 500 661 538 Verumenimvero
688 502 838 535 tantum
867 499 1010 547 aberat,
1036 502 1080 535 ut
1108 498 1223 535 homo
1251 498 1484 535 Homericus
1513 502 1694 535 naturam
1727 509 1812 534 eam
1841 508 1924 534 esse
1953 495 2134 543 crederet,
2170 506 2238 545 per
2274 506 2393 545 quam

125 566 251 612 staret,
282 563 491 613 quominus
520 559 735 611 quidquam
763 560 848 599 fieri
875 567 1014 611 posset,
1042 561 1119 598 nisi
1147 572 1264 598 causa
1291 561 1551 609 antecedente,
1586 566 1630 599 ut
1666 565 1799 598 contra
1831 561 1872 597 in
1909 571 1971 597 res
1999 563 2137 596 natura
2165 559 2393 596 constitutas

125 626 244 664 libere
271 630 309 664 et
335 638 407 664 sua
434 624 633 662 voluntate
662 623 754 661 deos
782 636 823 662 se
850 625 1146 662 intermittentes
1180 623 1329 661 faceret.
1384 624 1520 662 Multis
1556 624 1746 674 exemplis
1781 622 2011 661 confirmare
2039 634 2208 672 possum,
2244 625 2389 672 quanto

125 690 341 739 superiores
369 689 446 726 sint
475 686 528 724 dii
557 690 706 733 natura,
735 687 921 724 miracula
950 686 1140 737 quaedam
1167 687 1334 735 edentes,
1369 687 1436 725 sed
1471 699 1521 725 ne
1549 688 1690 738 longus
1719 687 1805 734 sim,
1839 686 2027 723 admoneo
2055 697 2125 723 vos
2153 685 2225 722 hoc
2254 696 2388 733 unum,

124 751 340 789 Minervam
385 762 465 788 non
502 750 610 800 prius
664 762 781 799 quam
818 749 968 798 Ulixes,
1008 750 1086 800 qui,
1123 753 1328 800 postquam
1367 751 1551 789 vicesimo
1590 762 1692 788 anno
1738 749 1896 787 domum
1935 751 2154 796 reverterat,
2206 760 2228 785 a
2265 748 2392 798 procis

127 814 340 865 Penelopes
368 825 514 865 poenas
543 813 768 863 repetiisset,
796 816 840 851 ut
867 813 1065 851 confectus
1093 812 1293 851 laboribus
1312 817 1404 862 erat,
1431 815 1523 852 satis
1543 826 1622 851 una
1650 826 1740 850 cum
1768 824 1890 850 uxore
1919 812 2174 859 dormivisset,
2195 812 2386 849 Auroram

124 890 175 915 ex
210 890 353 916 oceano
387 876 609 914 arcessitam
646 877 807 915 iussisse
841 875 1069 914 mortalibus
1105 876 1234 914 lucem
1269 876 1466 920 affeneffl)
1522 876 1650 923 Quare
1686 889 1808 927 quum
1842 879 1981 913 natura
2014 878 2115 912 esset
2148 887 2198 912 ex
2232 886 2273 912 se
2306 875 2389 924 ipsa

123 941 341 988 iudicanda,
370 952 448 977 non
477 951 527 976 ex
551 941 680 976 animo
709 941 889 985 humano,
919 940 1033 976 homo
1061 939 1305 986 Homericus,
1332 943 1464 989 utpote
1492 941 1559 990 qui
1589 951 1722 977 omnes
1756 950 1817 976 res
1845 950 1916 976 sua
1943 937 2152 988 voluptate,
2189 949 2259 975 suo
2289 937 2387 976 odio.

123 1015 193 1042 suo
232 1015 371 1052 amore,
410 1003 492 1041 suis
532 1002 822 1053 cupiditatibus,
862 1015 933 1041 sua
971 1002 1180 1050 voluntate,
1223 1003 1303 1040 suis
1342 1004 1603 1053 optationibus
1641 1003 1806 1053 dirigere
1841 1002 1990 1049 soleret,
2030 1013 2106 1038 non
2142 1002 2267 1051 potuit
2306 1013 2389 1038 eam

123 1067 344 1104 existimare
373 1069 561 1113 naturam,
590 1065 638 1103 ad
668 1078 784 1115 quam
814 1070 941 1104 mente
975 1070 1012 1113 et
1049 1066 1280 1115 cogitatione
1315 1066 1715 1116 comprehendendam
1749 1064 1996 1102 abstrahendi
2033 1076 2131 1114 quae
2168 1063 2310 1101 dicitur
2347 1066 2383 1101 vi

124 1141 220 1180 opus
249 1136 338 1167 erat.
395 1130 453 1166 Ac
482 1127 809 1178 quemadmodum
850 1129 945 1166 deus
985 1141 1088 1166 unus
1117 1129 1297 1178 idemque
1324 1129 1499 1167 infinitus
1527 1130 1575 1167 ab
1605 1128 1828 1167 hominibus
1856 1128 1963 1164 illius
1990 1128 2124 1164 aetatis
2152 1128 2281 1164 animo
2309 1139 2385 1164 non

124 1196 332 1242 conceptus
360 1195 427 1237 est,
457 1191 560 1241 quod
588 1192 630 1229 in
657 1202 702 1229 eo
730 1203 880 1242 genere,
909 1195 952 1230 ut
979 1192 1031 1230 ait
1059 1190 1293 1242 Spinoza,²²)
1322 1192 1447 1230 omnis
1476 1192 1742 1230 determinatio
1771 1196 1829 1229 est
1848 1191 2011 1240 negatio,
2040 1191 2131 1228 item
2159 1191 2251 1228 satis
2278 1190 2388 1228 firme

124 1259 348 1304 conceptam
376 1256 504 1291 animo
533 1256 928 1305 comprehensamque
956 1267 1034 1293 non
1063 1255 1282 1292 habuerunt
1311 1259 1499 1303 naturam,
1528 1255 1632 1305 quod
1661 1266 1774 1292 nemo
1803 1254 1886 1291 eius
1922 1254 2118 1291 notionem
2159 1254 2388 1304 cogitatione

124 1317 252 1368 finget,
280 1318 354 1355 nisi
384 1317 603 1355 avocaverit
630 1322 798 1356 mentem
826 1331 848 1355 a
875 1318 1043 1368 singulis
1071 1318 1120 1355 ad
1149 1320 1341 1356 universa.

308 1379 446 1430 Itaque
476 1380 589 1418 homo
618 1380 851 1419 Homericus
880 1381 1064 1431 quoniam
1093 1392 1171 1419 non
1199 1381 1323 1432 potuit
1350 1380 1485 1429 facere,
1523 1382 1619 1432 quin
1649 1382 1777 1420 omnia
1813 1380 1995 1419 sensibus
2022 1381 2244 1430 perciperet,
2273 1393 2385 1418 mun-

123 1443 226 1490 dum,
256 1455 372 1492 quem
392 1443 528 1480 Graeci
556 1453 675 1491 κόσμον
708 1448 858 1492 vocant,
885 1446 939 1481 ita
967 1445 1179 1493 descripsit,
1207 1449 1250 1481 ut
1277 1456 1354 1481 uno
1382 1446 1422 1481 in
1451 1450 1659 1493 conspectu
1688 1456 1777 1480 eum
1806 1445 1937 1480 videre
1971 1448 2110 1494 posset.
2167 1442 2322 1480 Etenim
2350 1444 2383 1480 ei

122 1504 276 1544 Videtur
312 1516 396 1545 esse
432 1505 604 1544 mundus
644 1506 754 1557 quasi
793 1507 1010 1546 communis
1049 1507 1209 1546 deorum
1243 1511 1359 1557 atque
1394 1508 1594 1546 hominum
1629 1508 1778 1549 domus,
1813 1509 1926 1545 cuius
1961 1512 2052 1545 sunt
2085 1514 2281 1556 tamquam
2310 1512 2386 1544 tres

122 1569 463 1606 contabulationes.
519 1570 650 1619 Atque
678 1581 811 1607 earum
840 1570 1199 1608 contabulationum
1226 1582 1448 1620 supremam
1477 1570 1530 1607 dii
1560 1570 1731 1620 Olympii
1761 1570 2000 1608 domicilium
2029 1569 2181 1617 habent,
2216 1569 2380 1607 mediam

121 1630 161 1667 id
188 1636 245 1668 est
271 1634 413 1668 terram
442 1632 617 1668 homines
646 1638 682 1668 et
719 1644 764 1668 ea
797 1634 969 1680 numina,
999 1644 1098 1682 quae
1124 1644 1230 1669 mare
1258 1637 1399 1680 tenent,
1440 1637 1482 1669 ut
1520 1644 1597 1670 non
1638 1633 1763 1670 dicam
1804 1632 1851 1670 de
1889 1632 2073 1684 nymphis
2113 1636 2149 1671 et
2190 1632 2275 1670 aliis
2310 1631 2384 1670 diis

120 1692 314 1733 minorum
337 1693 523 1745 gentium,
551 1695 701 1734 tertiam
731 1695 846 1735 Pluto
876 1708 965 1735 cum
993 1697 1079 1734 aliis
1115 1696 1188 1734 diis
1221 1696 1354 1734 inferis
1389 1697 1545 1734 habitat.
1603 1697 1710 1741 Quae
1745 1699 1875 1746 opinio
1910 1703 1987 1734 tam
2024 1698 2222 1746 divulgata
2256 1702 2313 1733 est
2349 1704 2386 1733 et

119 1760 196 1793 tam
224 1757 300 1794 late
328 1758 476 1807 serpsit,
510 1761 553 1794 ut
590 1769 634 1795 ea
672 1761 871 1809 tamquam
908 1758 1162 1797 fundamento
1202 1758 1267 1797 ille
1301 1762 1423 1810 po‘eta,
1454 1771 1531 1810 quo
1559 1760 1744 1798 maiorem
1772 1759 1897 1798 media
1926 1764 2030 1798 aetas
2058 1759 2146 1797 tulit
2173 1760 2377 1800 neminem.

119 1821 305 1858 niteretur
332 1822 372 1858 in
400 1825 575 1870 poemate
613 1822 801 1870 faciendo,
840 1822 946 1872 quod
973 1823 1202 1872 inscriptum
1231 1826 1290 1859 est
1320 1823 1455 1859 divina
1484 1823 1691 1860 comoedia.
1747 1822 1828 1861 Nec
1860 1835 1952 1861 vero
1985 1823 2111 1861 solum
2139 1822 2276 1860 mundi
2304 1827 2381 1860 tam

119 1883 308 1921 minutam
328 1887 365 1922 et
391 1884 575 1935 pusillam
594 1885 803 1936 imaginem
832 1886 946 1923 homo
965 1885 1200 1924 Homericus
1228 1887 1357 1924 animo
1384 1886 1510 1934 finxit,
1539 1886 1605 1924 sed
1635 1887 1749 1924 etiam
1778 1890 1900 1924 terrae
1929 1886 2023 1923 adeo
2051 1898 2129 1922 non
2157 1898 2289 1923 veram
2315 1893 2383 1922 aut

119 1947 428 1995 magnitudinem
455 1951 521 1985 aut
549 1949 716 1999 speciem
743 1953 780 1986 et
806 1948 968 1986 formam
988 1950 1180 2000 cognovit,
1209 1953 1251 1987 ut
1278 1961 1362 1988 eam
1382 1949 1511 1988 orbem
1533 1961 1617 1988 esse
1636 1954 1798 2000 putaret,
1828 1950 1895 1999 qui
1926 1949 2096 1999 undique
2116 1953 2157 1987 ut
2185 1948 2312 1987 insuia
2332 1948 2381 1986 ab

120 2021 261 2047 oceano
291 2007 729 2059 circunifunderetiir.²³)
782 2012 883 2049 Nam
913 2013 942 2049 ii
976 2012 1159 2050 subtilius
1193 2013 1288 2049 mihi
1325 2018 1362 2050 et
1397 2013 1571 2063 putidius
1607 2014 1736 2050 rimati
1770 2012 1953 2050 videntur
1988 2023 2070 2049 esse
2098 2024 2213 2062 quam
2249 2013 2382 2051 verius

120 2070 275 2120 dixisse,
305 2073 372 2122 qui
401 2085 450 2111 ex
479 2085 535 2122 e0,
565 2074 669 2124 quod
688 2074 827 2113 Ulixes
855 2074 904 2112 ad
931 2075 1074 2113 inferos
1100 2076 1227 2113 iturus
1256 2075 1478 2113 admonitus
1506 2081 1606 2113 esset
1634 2088 1656 2112 a
1682 2076 1837 2123 Tiresia,
1864 2085 1915 2112 ne
1943 2074 2185 2111 delaberetur
2213 2087 2234 2111 a
2262 2075 2382 2113 decli·

118 2134 234 2171 vitate
261 2135 347 2172 viae
375 2136 416 2173 in
444 2148 578 2175 orcum
612 2136 768 2185 ferente,
797 2137 1059 2175 demonstrare
1087 2139 1171 2175 ausi
1191 2142 1292 2180 sunt,
1328 2138 1432 2175 haud
1468 2139 1520 2175 ita
1548 2138 1717 2175 multum
1752 2138 1931 2184 abfuisse,
1957 2142 1999 2174 ut
2029 2136 2224 2174 Homerus
2255 2139 2382 2184 sciret,

114 2202 254 2233 terram
288 2209 371 2236 esse
398 2199 624 2249 globum.²4)
679 2199 779 2238 Satis
807 2200 902 2238 mihi
930 2200 1052 2238 multa
1080 2200 1197 2238 verba
1215 2200 1351 2238 feciss'e
1376 2200 1511 2238 videor
1540 2200 1587 2238 de
1612 2213 1739 2248 causa,
1768 2212 1838 2237 cur
1855 2200 1969 2237 homo
1990 2199 2224 2238 Homericus
2246 2201 2380 2238 existi-

114 2259 278 2297 mandus
306 2266 406 2298 esset
433 2262 543 2299 aliter
571 2262 617 2300 de
646 2267 784 2300 natura
811 2263 978 2300 sensisse
1006 2275 1050 2300 ac
1077 2275 1159 2301 nos.
1221 2262 1323 2308 Quid
1351 2265 1469 2313 ergo?
1513 2265 1580 2313 qui
1600 2265 1653 2300 ita
1680 2267 1856 2300 naturam
1876 2263 2013 2300 ducem
2033 2262 2307 2313 sequebantur,
2336 2268 2380 2301 ut

112 2320 185 2358 sibi
205 2323 349 2360 conscii
368 2335 447 2361 non
466 2330 604 2373 essent,
628 2337 669 2363 se
688 2329 826 2364 natura
847 2326 1010 2365 ducente
1029 2327 1149 2364 vitam
1168 2338 1291 2377 agere,
1310 2328 1338 2364 ii
1358 2330 1533 2377 poterant
1553 2326 1741 2364 desiderio
1763 2325 1929 2376 quodam
1948 2327 2183 2364 commoveri
2208 2327 2384 2365 eiusdem

113 2390 282 2434 naturae,
303 2387 414 2424 cuius
435 2388 507 2438 ipsi
526 2400 602 2426 non
626 2388 798 2440 dispares
824 2391 961 2428 erant?
991 2391 1057 2441 qui
1077 2391 1286 2428 maximam
1319 2396 1466 2441 partem
1488 2390 1563 2428 diei
1583 2390 1655 2428 sub
1677 2390 1765 2426 divo
1785 2388 2073 2436 consumebant,
2093 2390 2119 2426 ii
2140 2394 2318 2439 poterant
2337 2403 2381 2428 eo

113 2449 240 2484 animo
269 2461 362 2496 esse,
391 2455 433 2487 ut
461 2452 574 2488 domo
605 2453 738 2489 relicta
766 2453 840 2490 sibi
868 2454 1093 2491 viderentur
1127 2460 1325 2503 tamquam
1361 2465 1381 2490 e
1418 2464 1569 2491 carcere
1604 2452 1806 2500 effugisse?
1850 2452 1927 2502 qui,
1966 2451 2161 2503 quidquid
2202 2452 2378 2503 agebant,

110 2510 172 2547 vel
200 2511 239 2548 111
270 2524 335 2549 ora
363 2514 619 2552 versabantur
646 2516 708 2552 vel
736 2517 778 2553 in
806 2518 902 2554 mari
931 2517 992 2554 vel
1028 2518 1067 2553 in
1103 2517 1192 2554 luco
1221 2517 1282 2554 vel
1318 2518 1356 2553 111
1394 2518 1507 2565 agris,
1537 2518 1563 2553 ii
1602 2523 1774 2564 poterant
1812 2527 1917 2551 more
1960 2515 2165 2552 doctorum
2205 2517 2376 2553 virorum

110 2572 375 2611 umbratilium
403 2576 563 2615 naribus
592 2578 756 2616 admotis
784 2579 833 2616 ad
861 2579 1045 2617 flosculos
1073 2579 1230 2617 odorem
1258 2591 1393 2616 eorum
1422 2579 1668 2629 explorantes
1696 2578 1840 2614 laetitia
1868 2578 2036 2626 gestire?

296 2647 427 2698 Atque
456 2650 583 2689 adhuc
611 2663 657 2690 ea
685 2652 780 2702 dixi,
809 2664 926 2691 causa
953 2665 1023 2691 cur
1056 2653 1205 2691 homini
1233 2652 1443 2691 Homerico
1478 2665 1556 2690 non
1589 2652 1732 2699 fuisset,
1763 2651 2014 2701 quamobrem
2042 2653 2167 2702 ipsam
2195 2660 2372 2691 naturam

110 2709 332 2747 adoratione
360 2716 426 2749 aut
453 2716 701 2753 veneratione
730 2716 887 2766 dignam
914 2719 1082 2766 putaret:
1112 2716 1313 2753 videamus
1344 2728 1448 2753 nunc
1477 2716 1523 2753 (le
1552 2716 1730 2765 opinione
1758 2714 1929 2752 deorum.
1984 2714 2139 2753 Etenim
2168 2728 2245 2766 qua
2264 2728 2379 2755 vene—

110 2772 256 2810 ratione
283 2778 461 2812 naturam
489 2776 732 2816 afficiendam
761 2790 845 2817 esse
878 2779 993 2816 homo
1020 2778 1252 2816 Homericus
1281 2791 1359 2817 non
1390 2779 1562 2826 credidit,
1598 2790 1639 2814 ea
1669 2778 1760 2815 deos
1788 2778 1923 2815 affecit.
1979 2778 2068 2816 Non
2105 2780 2225 2829 igitur
2257 2780 2376 2817 solem

109 2834 355 2885 adorabat,²⁶)
385 2837 451 2875 sed
472 2851 628 2889 numen,
651 2841 756 2891 quod
774 2843 816 2879 in
835 2853 925 2880 eum
946 2841 1178 2880 beneficium
1197 2842 1296 2879 lucis
1318 2848 1355 2879 et
1375 2842 1513 2879 caloris
1533 2841 1755 2889 contulerat,
1773 2853 1853 2878 non
1873 2854 2026 2891 aquam,
2046 2842 2113 2880 sed
2134 2843 2374 2893 Neptunum.

109 2909 187 2935 11011
214 2899 354 2947 ignem,
384 2899 450 2936 sed
471 2900 706 2952 Vulcanum,
726 2916 804 2942 non
825 2908 912 2943 ae'ra
932 2909 998 2943 aut
1017 2906 1170 2942 aethera
1190 2912 1255 2943 aut
1275 2905 1436 2951 coelum,
1456 2916 1533 2941 non
1558 2903 1721 2940 fulmina
1740 2905 1965 2954 tonitruque
1991 2912 2056 2942 aut
2078 2906 2286 2955 grandines
2305 2913 2371 2944 aut

108 2959 261 3009 imbres,
281 2960 349 2998 sed
364 2960 507 3000 Iovem.
544 2964 645 3003 Nam
666 2967 858 3018 quidquid
878 2980 900 3005 a
918 2972 1056 3006 natura
1076 2967 1287 3019 profectum
1306 2968 1340 3006 ei
1360 2973 1416 3006 est
1437 2971 1501 3005 aut
1516 2968 1650 3005 terrori
1671 2973 1737 3005 aut
1755 2967 1898 3017 gaudio
1914 2974 1981 3007 aut
1995 2969 2133 3017 timori,
2153 2968 2190 3006 id
2208 2968 2369 3007 dicendo

108 3024 324 3073 exprimere
351 3036 431 3062 non
449 3030 575 3076 potest
602 3030 678 3067 nisi
705 3031 833 3068 animo
860 3031 972 3082 fingit
991 3031 1177 3081 quasdam
1206 3044 1401 3081 personas,
1431 3044 1526 3080 quas
1555 3035 1596 3068 ut
1622 3031 1770 3081 aliquid
1797 3038 1912 3081 agant
1939 3032 2072 3070 eodem
2100 3033 2236 3070 affectu
2256 3033 2372 3069 animi
