2519 3449
138 354 384 393 exactissime
423 355 654 393 decerneret.
694 352 850 402 quando
878 351 1037 390 Hectori
1075 351 1323 390 moriendum
1355 356 1464 390 esset.
1530 352 1667 402 Itaque
1706 364 1829 402 quum
1867 351 1997 389 locum
2037 350 2086 388 ad
2124 351 2248 389 fontes
2288 351 2407 389 situm

139 420 321 468 quartum
348 418 521 456 Achilles
549 419 586 455 et
610 414 756 453 Hector
783 416 1060 465 contingerent,
1088 414 1264 465 Iuppiter
1289 415 1372 465 ipse
1400 415 1591 466 disposuit
1618 413 1802 458 lances³⁶)
1830 426 1969 452 aureae
1996 413 2118 452 librae
2152 417 2188 451 et
2215 414 2403 464 imposuit

140 482 188 519 iis
214 481 309 519 duas
337 481 550 519 mortiferas
578 483 700 517 sortes
719 479 885 517 Achillis
913 482 950 516 et
977 477 1156 516 Hectoris
1183 482 1299 528 atque
1326 479 1494 516 mediam
1521 479 1672 516 lancem
1701 482 1835 515 tenens
1863 489 1927 515 eas
1956 476 2150 527 pependit„
2195 476 2293 515 Tum
2312 488 2406 515 vero

137 544 316 595 prolapsa
340 548 397 583 est
424 544 473 583 ad
492 542 634 582 inferos
652 541 831 581 Hectoris
859 553 954 589 sors,
983 553 1061 592 qua
1087 553 1128 579 re
1156 552 1247 580 eum
1274 541 1443 580 deseruit
1462 541 1614 592 Apollo.
1670 541 1852 592 Reputa
1878 542 2053 588 animo,
2089 540 2274 579 nullam
2301 553 2407 579 esse

141 612 409 646 accuratam
444 606 780 646 definitionem
814 606 909 643 nisi
944 605 1020 643 vel
1054 605 1344 643 numerando
1376 605 1452 643 vel
1488 604 1747 643 metiendo:
1795 605 1887 642 iam
1922 604 2206 655 intelleges,
2242 603 2407 642 Iovem

140 672 188 709 in
214 671 309 709 fato
338 669 629 721 explorando
658 669 780 707 haud
808 669 949 706 aliter
977 669 1162 706 versari
1190 680 1240 706 ac
1268 670 1495 719 physicos
1523 670 1571 705 in
1600 673 1767 705 natura
1795 667 2130 705 examinanda.
2186 667 2284 705 Nec
2312 679 2405 705 non

140 738 191 773 ut
229 735 419 786 physici
458 735 703 784 nequeunt
740 736 938 772 naturae
977 733 1225 783 imperare,
1264 732 1311 770 id
1345 736 1431 780 est,
1471 733 1564 770 vim
1599 744 1621 770 a
1654 737 1822 770 natura
1861 731 2017 770 datam
2051 732 2098 769 in
2133 743 2229 769 rem
2272 744 2408 769 suam

141 804 420 836 convertere
447 801 492 836 et
521 797 661 848 quasi
689 796 809 834 bene
837 796 1087 843 collocare,
1116 796 1212 834 nisi
1240 801 1509 846 sequantur
1538 796 1669 846 leges
1698 801 1896 833 naturae
1927 807 1947 833 a
1982 806 2031 833 se
2060 795 2301 846 cognitas,
2341 795 2409 833 ita

140 864 312 901 summi
347 863 421 901 dei
457 861 587 899 nulla
619 862 709 898 iam
745 872 846 899 esse
874 864 1082 910 potestas
1122 860 1332 906 videtur,
1371 861 1465 897 nisi
1503 861 1604 910 ipse
1633 872 1679 897 se
1719 859 2047 897 accommodat
2086 859 2143 897 ad
2171 871 2239 907 ea,
2281 871 2408 910 quae

141 925 235 963 fato
274 926 412 963 fiunt.

328 999 389 1038 En
408 1011 534 1047 eausa,
564 1011 633 1036 cur
661 1002 761 1036 recte
782 996 857 1036 dici
877 998 1054 1047 potuerit,
1082 1009 1131 1035 ne
1151 996 1346 1034 hominem
1375 996 1627 1035 Homericum
1657 997 1815 1046 quidem
1836 996 1949 1045 plane
1973 997 2119 1045 fugisse
2139 999 2408 1034 necessitatem

139 1063 304 1104 fatalem,
333 1074 431 1115 quae
460 1062 493 1100 si
511 1061 600 1113 plus
627 1060 781 1110 valeret,
810 1059 982 1099 liberiori
1009 1059 1185 1111 potestati
1215 1058 1375 1098 deorum
1403 1059 1591 1098 laxiorem
1620 1060 1749 1099 locum
1784 1072 1863 1098 non
1891 1071 1984 1098 esse.
2034 1059 2090 1098 'Et
2116 1071 2208 1098 vero
2238 1061 2408 1098 continet

141 1127 207 1162 illa
242 1127 447 1163 necessitas
481 1132 680 1174 tamquam
713 1124 905 1174 igniculos
946 1128 982 1161 et
1016 1124 1165 1161 semina
1199 1123 1282 1160 eius
1318 1122 1514 1160 doctrinae
1554 1128 1670 1174 atque
1705 1124 1789 1160 eius
1824 1122 2033 1173 religionis,
2073 1122 2121 1161 ad
2158 1134 2255 1174 quas
2291 1122 2405 1161 homo

142 1189 384 1231 Homericus,
424 1200 522 1237 quae
561 1189 644 1224 eius
682 1193 763 1224 erat
800 1187 962 1233 indoles,
1001 1188 1170 1235 aspirare
1208 1198 1286 1223 non
1323 1188 1456 1235 potuit.
1510 1187 1817 1223 Assentiendum
1857 1187 1975 1235 igitur
2013 1190 2070 1223 est
2112 1186 2151 1222 L.
2180 1185 2405 1224 Feuerbach

143 1250 412 1300 affirmanti,³⁷)
441 1250 509 1291 ubi
535 1250 661 1290 fatalis
689 1251 896 1290 necessitas
925 1254 1113 1300 regnaret,
1141 1249 1196 1288 ibi
1224 1250 1440 1288 cedendum
1469 1262 1552 1288 esse
1578 1251 1661 1288 diis.
1718 1250 1816 1288 Nam
1850 1250 1904 1287 dii
1932 1250 1993 1287 vel
2033 1250 2128 1288 deus
2164 1252 2248 1288 sine
2286 1251 2405 1289 dubio

141 1317 417 1367 supervacanei
445 1319 546 1357 sunt,
574 1316 607 1354 si
635 1326 703 1366 per
731 1326 771 1353 se
800 1314 991 1353 mundum
1018 1314 1116 1364 regit
1144 1317 1180 1352 et
1206 1312 1397 1364 gubernat
1424 1313 1557 1360 fatum,
1586 1313 1624 1351 id
1653 1318 1720 1361 est,
1754 1318 1797 1352 ut
1825 1315 1878 1352 ait
1906 1312 2050 1358 Cicero,
2080 1313 2174 1352 ordo
2210 1316 2408 1365 seriesque

142 1393 357 1427 causarum,
386 1392 508 1430 quum
535 1391 652 1417 causa
680 1390 818 1416 causae
845 1390 949 1416 nexa
966 1390 1048 1416 rem
1076 1389 1126 1416 ex
1154 1389 1194 1416 se
1222 1377 1420 1428 gignat.³⁸)
1466 1378 1604 1429 ltaque
1623 1377 1817 1428 Epicurus
1838 1378 1929 1416 deos
1949 1378 2212 1416 intermundia
2233 1378 2406 1418 habitare

142 1442 383 1493 opinatur.³⁹)
439 1442 523 1488 Quo
551 1442 696 1480 factum
720 1448 787 1490 est,
816 1446 858 1479 ut
885 1442 913 1479 ii
941 1442 1171 1491 philosophi,
1201 1443 1269 1491 qui
1296 1443 1337 1478 in
1366 1454 1411 1479 ea
1439 1443 1665 1478 necessitate
1692 1442 1797 1479 fatali
1826 1454 1905 1479 non
1933 1442 2232 1492 acquiescebant
2261 1443 2405 1492 quippe

140 1510 329 1557 putantes,
358 1518 512 1545 omnem
539 1506 623 1544 eius
658 1505 763 1544 modi
797 1505 1012 1544 doctrinam
1050 1504 1097 1543 de
1131 1504 1237 1543 fatali
1272 1505 1498 1543 necessitate
1534 1517 1749 1556 repugnare
1784 1506 1933 1554 rationi,
1968 1506 2052 1556 ipsa
2086 1518 2131 1543 ea
2167 1507 2398 1556 cogitatione

140 1571 378 1607 necessitatis
407 1573 636 1619 cogerentur
664 1569 881 1606 discernere
908 1569 1100 1606 mundum
1128 1570 1357 1618 empiricum
1390 1581 1412 1605 a
1444 1568 1591 1605 mundo
1626 1568 1862 1618 intelligibili
1896 1569 1958 1616 ita,
1994 1573 2037 1606 ut
2067 1568 2210 1618 quibus
2237 1568 2334 1606 ideis
2362 1570 2400 1606 in

140 1632 207 1669 illo
235 1632 364 1670 locum
392 1644 470 1670 non
497 1632 674 1670 relietum
699 1644 793 1678 esse,
833 1633 872 1669 in
912 1632 984 1669 hoc
1021 1636 1151 1681 patere
1191 1630 1436 1677 docerent.4⁰)
1491 1631 1530 1668 L.
1571 1631 1796 1668 Feuerbach
1834 1635 1964 1668 autem
2006 1643 2238 1681 persuasum
2277 1631 2402 1675 habet,

141 1694 270 1733 nullos
296 1706 379 1733 esse
408 1694 510 1744 deos,
540 1695 614 1733 nisi
642 1694 690 1733 ad
725 1696 938 1745 optationes
974 1695 1176 1733 hominum
1208 1698 1492 1742 revocarentur,
1530 1695 1608 1745 qui,
1645 1694 1807 1732 simulac
1842 1695 2137 1741 intellexissent,
2173 1707 2305 1733 omnes
2344 1707 2405 1733 res

140 1770 347 1807 suspensas
376 1770 459 1796 esse
485 1770 505 1796 e
532 1758 637 1795 fatali
666 1760 901 1804 necessitate,
932 1770 1009 1796 non
1038 1760 1115 1795 iam
1149 1758 1344 1799 haberent,
1382 1758 1486 1808 quod
1520 1758 1720 1795 crederent
1757 1769 1840 1795 esse
1876 1757 1987 1800 deos:
2028 1769 2155 1808 neque
2183 1758 2287 1795 enim
2318 1757 2403 1795 fieri

140 1832 262 1870 posse,
283 1824 325 1858 ut
343 1821 551 1872 quisquam
570 1825 727 1871 optaret,
747 1820 853 1871 quod
872 1833 912 1859 se
931 1822 1087 1871 assequi
1106 1834 1183 1859 non
1204 1834 1317 1871 posse
1337 1822 1502 1861 videret:
1525 1822 1591 1860 ubi
1612 1826 1741 1859 autem
1761 1822 1936 1859 homines
1952 1822 2171 1859 desinerent
2186 1821 2403 1871 quidquam

141 1888 281 1934 optare,
312 1884 405 1935 quid
434 1896 530 1935 opus
560 1896 644 1923 esse
672 1884 756 1934 diis,
785 1888 916 1935 utpote
945 1896 1112 1935 quorum
1139 1888 1249 1934 esset,
1279 1896 1378 1936 quae
1407 1885 1581 1923 homines
1609 1885 1764 1935 vellent,
1794 1884 2063 1937 perficeret>⁴¹)

329 1960 404 1997 Sed
432 1961 479 1998 de
513 1961 589 1997 fato
629 1961 701 2014 hof:
729 1961 814 1997 loco
850 1961 942 1997 satis
971 1960 1118 1997 dictum
1145 1964 1211 1997 est.
1268 1960 1383 1997 Nunc
1412 1961 1626 2011 explicabo,
1667 1973 1737 1998 cur
1765 1961 2069 1999 existimandum
2107 1962 2167 2002 sit.
2205 1972 2226 1999 e
2264 1965 2405 1999 natura

142 2023 302 2061 deorum
321 2023 618 2062 Homericorum
647 2024 828 2074 cognosci
847 2027 1025 2061 naturam
1045 2023 1212 2062 hominis
1232 2023 1439 2062 Homerici.
1496 2023 1592 2069 Quis
1612 2025 1715 2062 enim
1736 2030 1803 2072 est,
1834 2025 1901 2074 qui
1922 2024 2080 2068 dubitet,
2110 2026 2215 2074 quin,
2246 2025 2403 2074 qualem

143 2087 307 2136 quisque
337 2086 452 2124 deum
479 2086 702 2125 habendum
720 2098 803 2125 esse
821 2090 939 2138 putet,
968 2087 1054 2125 talis
1074 2088 1155 2138 ipse
1184 2088 1258 2126 sit?
1313 2086 1576 2138 Xenophanes
1596 2088 1724 2138 igitur,
1754 2100 1857 2126 unus
1878 2087 1925 2126 de
1945 2086 2125 2126 Eleaticis
2146 2087 2398 2138 philosophis,

142 2161 212 2186 suo
240 2150 324 2186 iure
352 2149 567 2197 affirmavit,
596 2151 629 2187 si
656 2151 786 2188 leones
815 2156 851 2187 et
879 2150 997 2187 boves
1017 2162 1155 2188 manus
1183 2151 1368 2189 haberent
1395 2155 1432 2188 et
1450 2151 1609 2201 pingere
1628 2154 1795 2202 possent,
1824 2151 1897 2189 diis
1926 2152 2006 2189 suis
2031 2162 2114 2189 eam
2135 2151 2292 2189 daturos
2320 2162 2407 2189 esse

141 2212 312 2261 formam,
342 2226 458 2263 quam
485 2214 560 2264 ipsi
587 2213 781 2252 haberent.
836 2213 918 2252 Nec
936 2225 1027 2251 vero
1055 2214 1109 2252 ita
1135 2226 1218 2252 esse
1246 2214 1332 2252 ideo
1353 2215 1575 2265 negandum
1596 2215 1760 2263 videtur,
1791 2215 1895 2265 quod
1921 2215 1973 2252 dii
2002 2214 2224 2252 hominibus
2253 2214 2399 2252 antefe-

142 2275 251 2312 rendi
271 2276 348 2313 sint
366 2281 521 2326 propter
540 2278 702 2316 virtutes
722 2280 759 2315 et
778 2277 889 2325 bona,
910 2276 1052 2327 quibus
1072 2277 1105 2314 si
1124 2277 1300 2315 homines
1320 2278 1484 2328 praediti
1502 2282 1641 2325 essent,
1660 2291 1739 2316 non
1758 2283 1856 2316 esset
1876 2277 1980 2329 quod
2000 2277 2091 2315 deos
2111 2281 2401 2316 venerarentur.

143 2337 249 2383 Quae
268 2338 423 2376 tandem
442 2344 533 2378 sunt
560 2341 654 2379 istae
674 2341 835 2379 virtutes
854 2346 891 2379 et
918 2342 990 2378 ista
1009 2340 1136 2378 bona?
1192 2340 1421 2379 Iustitiane‘?
1478 2342 1530 2379 At
1550 2342 1664 2379 homo
1682 2341 1923 2385 Homericus,
1953 2353 2075 2391 quum
2095 2340 2187 2378 deos
2215 2345 2408 2391 precatur,

146 2405 186 2439 ut
213 2402 359 2439 iustitia
386 2401 462 2450 fiat,
502 2415 547 2441 eo
575 2404 659 2453 ipso
689 2404 865 2452 ostendit,
893 2416 933 2449 se
960 2397 1128 2442 iustitiae
1164 2405 1472 2442 amantissimum
1511 2417 1604 2442 esse.
1663 2407 1721 2442 An
1760 2404 1971 2453 sapientia?
2006 2405 2058 2440 At
2094 2404 2200 2452 quod
2228 2404 2407 2453 Iuppiter

143 2464 365 2502 nominatur
395 2469 542 2514 εὐρύοπα,
557 2465 608 2514 ⁴²)
645 2478 765 2517 quum
795 2466 969 2505 homines
996 2479 1133 2518 parum
1162 2466 1315 2505 valeant
1343 2468 1482 2506 mentis
1508 2466 1657 2517 acie,4³)
1686 2472 1956 2518 argumentum
1983 2473 2040 2505 est
2068 2468 2299 2515 maximum,
2329 2480 2408 2517 quo

144 2528 437 2571 demonstratur,
475 2529 522 2564 ab
557 2530 778 2566 hominibus
806 2531 1034 2580 sapientiam
1066 2530 1223 2580 plurimi
1251 2531 1490 2568 aestimatam
1518 2541 1602 2569 esse
1631 2534 1759 2581 utpote
1778 2528 2035 2577 credentibus,
2064 2541 2263 2569 summum
2292 2529 2409 2570 deum

145 2603 222 2627 non
262 2602 373 2638 posse
413 2603 588 2629 summae
626 2594 836 2641 sapientiae
875 2606 954 2630 non
982 2606 1075 2630 esse.
1130 2595 1194 2630 An
1223 2595 1302 2630 vita
1330 2595 1451 2642 beata,
1478 2607 1629 2644 semper
1647 2595 1748 2630 idem
1781 2594 1925 2640 vultus,
1964 2605 2099 2629 serena
2127 2594 2245 2640 frons,
2285 2595 2405 2630 animi

145 2651 415 2703 tranquillitas,
455 2654 668 2693 securitas?
723 2655 777 2694 At
804 2655 919 2694 homo
946 2655 1179 2694 Homericus
1207 2669 1290 2695 eam
1317 2656 1539 2696 felicitatem
1577 2670 1737 2707 eamque
1765 2657 1883 2693 animi
1912 2658 2158 2707 aequitatem,
2199 2670 2296 2707 quas
2324 2659 2407 2707 ipse

145 2717 186 2754 in
214 2719 444 2767 perpetuum
472 2718 626 2768 assequi
654 2731 732 2757 non
760 2720 894 2770 potuit,
924 2719 998 2758 diis
1026 2719 1228 2759 attributas
1255 2733 1339 2759 esse
1366 2722 1501 2771 voluit,
1529 2726 1571 2760 ut
1599 2720 1919 2770 contemplatione
1948 2720 2086 2758 saltem
2113 2732 2247 2759 earum
2275 2732 2407 2759 rerum

146 2780 409 2828 delectaretur,
446 2780 589 2829 quibus
617 2783 699 2832 ipse
728 2786 865 2834 egeret.
920 2783 985 2821 An
1018 2783 1286 2823 immortalitas
1312 2784 1457 2823 animi?
1512 2786 1564 2823 At
1599 2796 1695 2835 quos
1724 2782 1814 2821 deos
1842 2782 2087 2822 felicissimos
2122 2796 2206 2823 esse
2234 2784 2408 2825 credidit.

146 2856 210 2880 eos
238 2843 417 2880 mortales
437 2854 520 2880 esse
548 2847 714 2894 negavit,
735 2846 840 2895 quod
858 2858 962 2883 mors
982 2847 1014 2884 si
1035 2848 1097 2884 cui
1127 2847 1299 2897 quotidie
1322 2848 1549 2895 immineret,
1577 2848 1749 2884 animum
1768 2847 1960 2884 maestitia
1978 2846 2157 2896 afficeret,
2185 2848 2219 2885 si
2247 2847 2410 2897 adesset,

146 2905 262 2945 finem
289 2904 428 2944 faceret
446 2904 683 2955 felicitati.4³)
738 2907 803 2947 Dii
830 2909 950 2960 igitur
969 2911 1147 2960 quamvis
1173 2912 1344 2962 potentia
1370 2918 1408 2950 et
1433 2911 1611 2950 felicitate
1630 2911 1806 2948 homines
1832 2915 2026 2961 superent,
2056 2913 2235 2962 quamvis
2255 2916 2411 2962 propter

145 2969 470 3007 immortalitatem
508 2970 716 3010 videantur
754 2985 832 3011 non
862 2973 1110 3024 comparandi
1149 2986 1239 3012 cum
1277 2974 1510 3023 hominibus,
1547 2978 1675 3012 tamen
1714 2973 1808 3012 adeo
1849 2986 1929 3012 non
1967 2974 2175 3013 abhorrent
2212 2988 2235 3013 a
2272 2981 2411 3013 natura

147 3033 357 3080 hominum,
396 3035 439 3069 ut
466 3033 546 3069 vita
573 3033 734 3072 deorum
760 3040 958 3086 tamquam
997 3037 1193 3087 quoddam
1220 3038 1422 3089 speculum
1449 3039 1508 3083 sit,
1546 3037 1651 3076 unde
1678 3037 1838 3087 eluceat,
1879 3038 1974 3089 quid
2003 3038 2178 3077 homines
2206 3038 2413 3088 voluerint,
