2519 3449
1234 173 1281 211 17

126 365 213 403 ideo
230 365 442 415 optandum
460 368 528 413 est,
549 362 653 413 quod
672 362 781 399 aliter
799 373 879 399 non
902 364 1027 411 potest
1046 360 1311 409 demonstrari,
1336 359 1532 398 hominem
1550 358 1801 396 Homericum
1821 359 1960 397 iisdem
1979 360 2106 397 causis
2125 360 2173 397 ad
2192 359 2390 410 agendum

127 429 372 477 commoveri,
401 428 544 479 quibus
572 436 705 463 omnes
734 425 907 462 omnium
935 427 1152 475 temporum
1180 419 1463 470 homnes.¹⁰⁰b)

231 491 442 542 Reliquum
460 494 527 538 est,
557 493 599 528 ut
627 487 844 537 doceamus,
872 487 1067 526 hominem
1087 486 1349 534 Homericum,
1378 485 1483 536 quod
1510 484 1584 524 sub
1612 488 1713 523 terra
1740 486 1932 523 censuerit
1959 486 2150 536 reliquam
2177 488 2296 524 vitam
2324 488 2389 537 agi

126 558 377 602 mortuorum,
406 554 555 592 animos
583 563 661 588 non
689 552 941 600 sempiternos
976 553 1042 587 aut
1069 549 1303 587 immortales
1338 559 1421 586 esse
1455 547 1674 586 credidisse.
1731 546 1833 592 Quid
1861 548 1991 585 enim?
2030 549 2192 586 Achillis
2231 550 2386 587 animus

126 617 379 656 immortalis?
408 615 568 654 Minime
595 613 732 651 hercle.
788 613 887 651 Nam
918 625 1039 663 quum
1067 612 1211 650 multae
1239 616 1479 650 mortuorum
1507 609 1679 658 umbrae,
1707 613 1789 647 tum
1818 610 1992 648 Achilles
2022 623 2098 648 non
2137 615 2260 661 potest
2297 624 2389 650 cum

127 680 246 719 Ulixe
274 680 454 731 colloqui,
481 678 708 729 priusquam
744 688 921 715 cruorem
955 675 1105 723 biberit,
1140 687 1217 726 quo
1245 675 1344 713 facto
1373 676 1547 725 queritur
1585 675 1712 721 vitam,
1749 686 1867 724 quam
1895 678 1983 724 agat
2011 674 2114 724 apud
2142 674 2295 723 inferos,
2324 675 2383 713 di-

127 756 229 791 cens,
257 755 298 783 se
325 743 439 782 malle
466 741 747 779 mercenarium
775 751 858 778 esse
887 740 1119 789 pauperrimi
1149 740 1350 788 cuiusque,
1386 749 1503 787 quam
1541 749 1671 787 regem
1714 737 1902 778 omnium,
1938 738 2006 787 qui
2041 738 2182 774 mortui
2223 737 2382 785 sint.¹⁰¹)

127 806 209 845 Nec
236 819 327 845 vero
356 806 460 844 Aiax
486 803 731 841 Telamonius
759 808 844 852 post
872 807 1033 841 mortem
1066 802 1215 840 felicior
1242 802 1316 840 sibi
1344 813 1427 839 esse
1453 801 1658 839 videbatur
1692 812 1808 851 quam
1837 800 2011 837 Achilles
2046 804 2271 850 ceteraeque
2298 813 2384 838 um-

128 870 230 919 brae,
258 880 494 921 quamquam
512 878 561 904 ne
580 870 756 904 mortuus
777 866 935 916 quidem
962 866 1252 903 inimicitiarum
1271 870 1308 903 et
1335 865 1576 903 simultatum
1596 864 1739 901 oblitus
1760 868 1826 911 est,
1856 876 1952 914 quas
1977 875 2067 901 cum
2088 863 2205 901 Ulixe
2233 869 2390 914 propter

129 946 232 970 arma
262 933 425 970 Achillis
454 932 488 968 ei
517 930 564 967 ab
592 930 753 967 Achivis
786 929 931 966 tributa
964 934 1152 978 gesseram
1193 930 1310 965 immo
1340 928 1450 966 Ulixi
1476 940 1657 965 recusans
1692 927 1924 976 respondere
1958 927 2031 963 sibi
2066 931 2306 964 constantem
2344 939 2385 964 se

129 996 315 1045 praestitit
343 999 379 1032 et
405 1005 482 1030 uon
512 992 701 1042 placatum
733 991 891 1033 fato.¹‘'²)
947 990 1042 1028 Mihi
1071 992 1189 1041 igitur
1215 990 1409 1028 Homerus
1438 991 1595 1028 Aiacem
1625 990 1686 1027 vel
1715 994 1801 1040 post
1829 995 1990 1027 mortem
2025 989 2132 1027 Ulixi
2161 1001 2389 1027 succensere

129 1062 350 1107 pergentem
378 1056 528 1105 fingens
556 1055 653 1092 nihil
681 1055 834 1092 videtur
863 1055 1062 1092 ostendere
1091 1055 1260 1091 voluisse
1287 1054 1363 1091 nisi
1392 1066 1508 1103 quam
1536 1054 1611 1091 alta
1640 1058 1778 1101 mente,
1806 1058 1849 1090 ut
1878 1053 2006 1090 verbis
2026 1053 2190 1103 Vergilii
2219 1058 2314 1100 utar,
2325 1053 2389 1102 ¹⁰³)

129 1120 338 1170 repositum
367 1122 538 1156 maneret
566 1117 700 1155 odium
727 1118 767 1154 in
788 1116 945 1155 Ulixem
974 1122 1010 1155 et
1029 1121 1177 1167 spretae
1197 1117 1433 1155 fortitudinis
1453 1117 1603 1153 iniuria.
1650 1115 1776 1161 Quare
1796 1117 1949 1153 animus
1970 1129 2092 1166 quum
2113 1121 2197 1166 post
2227 1124 2388 1155 mortem

130 1195 206 1220 non
227 1183 301 1220 sibi
330 1182 506 1220 conscius
536 1181 584 1218 sit
612 1181 673 1218 sui
701 1181 833 1230 ipsius.
854 1192 924 1217 nee
953 1180 1084 1218 dolore
1118 1180 1282 1218 cruciari
1309 1192 1381 1217 nec
1399 1180 1595 1229 voluptate
1624 1179 1803 1216 delectari
1833 1184 1966 1228 potest.
2024 1178 2084 1216 Ex
2106 1192 2183 1229 quo
2212 1179 2387 1227 efficitur,

130 1258 206 1286 eos,
235 1246 301 1295 qui
321 1245 462 1282 mortui
490 1244 577 1282 sint.
606 1255 676 1280 nee
705 1255 774 1293 pro
794 1243 910 1280 rebus
936 1243 1128 1293 praeclare
1152 1244 1270 1293 gestis
1295 1243 1464 1293 praemio
1493 1242 1591 1279 affici
1622 1253 1692 1278 nec
1727 1254 1794 1291 pro
1816 1242 2014 1279 maleficiis
2044 1243 2184 1292 puniri,
2213 1244 2386 1293 exceptis

130 1309 188 1356 iis,
218 1309 284 1357 qui
318 1311 393 1347 aut.
429 1319 551 1356 quum
592 1319 614 1343 a
648 1306 721 1343 diis
759 1307 936 1355 inprimis
971 1306 1191 1355 diligantur,
1226 1306 1267 1342 in
1296 1306 1474 1353 elysium,
1503 1305 1703 1341 beatorum
1733 1305 1984 1351 domicilium,
2014 1306 2280 1350 traducuntur,
2310 1311 2387 1351 aut,

133 1383 255 1420 quum
275 1374 429 1419 propter
448 1369 681 1418 impietatem
701 1369 741 1405 in
770 1368 861 1405 deos
887 1368 1072 1418 peculiari
1097 1368 1303 1405 videantur
1322 1367 1429 1417 digni
1449 1378 1582 1417 poena,
1614 1368 1813 1404 tormentis
1834 1367 2094 1416 peculiaribus
2115 1373 2315 1405 vexantur.
2324 1368 2390 1415 ¹⁰⁴¹)

129 1433 188 1471 Ita
209 1432 427 1470 Menelaum
448 1437 489 1469 ut
516 1443 700 1481 generum
731 1431 834 1469 Iovis
866 1431 1026 1469 Proteus
1047 1431 1302 1481 prosperrima
1322 1442 1499 1480 quaeque
1518 1434 1741 1480 exspectare
1772 1430 1892 1468 iubet:
1931 1442 1974 1467 eo
1996 1430 2092 1476 loco,
2120 1431 2167 1467 ad
2190 1444 2304 1481 quem
2324 1432 2390 1469 ille

130 1500 305 1533 mortuus
334 1501 589 1545 perventurus
619 1495 677 1533 sit.
698 1495 815 1532 vitam
843 1494 962 1533 fluere
989 1502 1066 1532 tam
1085 1494 1196 1532 facile
1225 1506 1340 1544 quam
1369 1493 1516 1531 nullius
1535 1493 1791 1538 mortalis.¹⁰⁵)
1848 1493 1905 1530 Ita
1924 1493 2137 1535 Tantalum,
2167 1493 2388 1545 Sisyphum,

131 1559 309 1597 Ixionem
328 1559 423 1596 alios
442 1564 506 1596 aut
525 1558 655 1596 labore
675 1559 780 1595 inani
801 1558 992 1596 confectos
1017 1564 1082 1596 aut
1108 1558 1308 1595 damnatos
1334 1557 1474 1595 infiniti
1495 1556 1711 1603 dolor-ism)
1734 1557 1829 1594 vidit
1852 1557 2000 1605 Ulixes,
2020 1570 2142 1607 quum
2163 1559 2202 1595 in
2223 1570 2384 1608 regnum

131 1621 231 1659 Ditis
253 1621 521 1658 descendisset.
579 1620 690 1665 Quod
719 1625 847 1658 autem
868 1621 914 1658 de
943 1622 990 1658 iis
1010 1621 1218 1658 dicendum
1239 1625 1306 1665 est,
1336 1632 1428 1658 cave
1448 1632 1496 1657 ne
1515 1621 1556 1657 in
1577 1621 1759 1657 maiorem
1781 1632 1987 1657 numerum
2006 1627 2245 1659 mortuorum
2265 1627 2388 1659 traus—

131 1684 240 1722 feras.
295 1683 468 1729 Quorum
502 1684 579 1721 vita
609 1696 697 1721 cum
726 1696 883 1734 corpore
911 1690 989 1721 tam
1025 1690 1128 1721 arcto
1161 1684 1318 1721 vinculo
1345 1684 1523 1733 copulata
1551 1689 1618 1724 est,
1648 1690 1689 1721 ut
1718 1683 1913 1721 Homerus
1955 1696 2030 1721 non
2067 1684 2215 1722 dubitet
2254 1685 2392 1731 dicere,

131 1747 345 1796 perniciosa
373 1747 428 1784 ira
447 1746 640 1784 Achillem
660 1746 840 1795 effecisse,
871 1753 912 1785 ut
932 1747 1044 1785 multi
1062 1747 1360 1785 fortissimorum
1385 1748 1557 1784 virorum
1583 1748 1701 1785 animi
1730 1747 1778 1785 ad
1807 1747 1949 1785 inferos
1979 1749 2238 1795 convenirent,
2268 1761 2392 1798 quum

133 1810 205 1858 ips
219 1809 338 1852 os¹⁰⁷)
379 1822 492 1847 canes
526 1816 562 1846 et
600 1810 774 1847 vultures
802 1817 991 1847 vorarent.
1048 1810 1127 1847 Nec
1156 1811 1297 1846 mirum
1327 1810 1491 1858 videtur,
1521 1810 1625 1860 quod
1653 1812 1712 1853 iis,
1759 1801 1925 1860 quorum
1964 1812 2042 1848 vita
2082 1823 2220 1861 magno
2259 1823 2388 1849 rerum

133 1872 390 1922 gerendarum
415 1872 543 1909 studio
563 1872 858 1922 transigebatur,
886 1873 1050 1921 animus,
1079 1873 1110 1910 si
1132 1872 1281 1910 viribus
1301 1873 1471 1922 corporis
1496 1878 1658 1921 vacaret,
1687 1874 1808 1911 instar
1827 1875 1921 1911 meri
1942 1875 2081 1911 sonmii
2101 1874 2243 1920 erat.⁷⁸)
2299 1875 2390 1913 Huc

134 1935 291 1983 accedit,
328 1935 430 1985 quod
460 1935 498 1972 id
527 1947 650 1985 genus
680 1936 881 1973 hominum
915 1948 1041 1985 neque
1080 1937 1282 1985 asperitate
1316 1936 1411 1973 coeli
1446 1936 1646 1985 fatigatum
1675 1949 1801 1987 neque
1835 1937 1997 1974 adversa
2036 1938 2186 1974 fortuna
2225 1939 2391 1976 fractum

135 2002 224 2038 erat,
269 1998 336 2035 sed
377 2003 481 2036 tanta
520 1999 713 2036 alacritate
740 1999 779 2036 in
811 1999 912 2036 diem
952 1999 1116 2039 vivebat.
1151 2004 1193 2035 ut
1228 2004 1359 2039 morte,
1394 1999 1506 2036 cuius
1541 2007 1656 2047 μελέτη
1692 2001 1854 2049 posteris
1882 2000 2037 2037 demum
2071 2000 2308 2050 temporibus
2347 2001 2396 2039 ad

135 2060 489 2110 philosophandum
518 2061 692 2099 homines
722 2061 845 2108 duxit,
874 2063 1003 2099 minus
1024 2066 1237 2112 angeretur.
1293 2062 1356 2099 An
1385 2061 1642 2100 dubitandum
1671 2067 1737 2102 est.
1766 2064 1861 2114 quin
1891 2063 2063 2101 homiues
2092 2067 2236 2114 quanto
2257 2065 2389 2103 miuus

136 2124 234 2160 hanc
268 2125 385 2161 vitam
413 2124 591 2162 idoneam
620 2137 702 2162 esse
737 2125 979 2164 arbitrentur,
1019 2138 1094 2175 qua
1123 2127 1293 2163 contenti
1332 2127 1420 2167 sint,
1454 2130 1559 2163 tanto
1596 2128 1717 2176 magis
1754 2134 2017 2164 sustententur
2044 2139 2087 2164 ea
2116 2128 2392 2177 consolatione,

137 2197 234 2236 quae
269 2187 316 2224 iis
345 2186 550 2225 adhibetur
577 2200 597 2225 a
627 2187 869 2238 philosophis
898 2188 1138 2237 docentibus,
1168 2189 1318 2227 animos
1347 2201 1498 2239 semper
1524 2202 1728 2228 mansuros
1757 2191 1868 2228 esse?

324 2259 373 2297 Et
403 2260 449 2297 de
477 2266 625 2308 natura,
658 2261 704 2298 de
731 2261 815 2309 diis,
844 2261 891 2298 de
924 2262 1052 2299 animo
1089 2263 1272 2312 quoniam
1300 2263 1352 2300 ita
1386 2263 1480 2300 mihi
1515 2263 1662 2301 dixisse
1691 2263 1833 2311 videor,
1870 2268 1909 2300 ut
1939 2263 2185 2312 perspicuum
2213 2264 2273 2311 sit,
2309 2277 2387 2314 qua

135 2323 281 2359 ratione
310 2323 483 2361 homines
510 2324 708 2362 Homerici
737 2324 838 2362 idem
867 2336 1000 2362 omnes
1019 2326 1218 2373 senserint,
1247 2337 1295 2362 ne
1323 2326 1421 2363 illud
1450 2326 1606 2376 quidem
1634 2327 1939 2376 praetermittam,
1968 2327 2020 2362 ita
2048 2328 2262 2376 generatim
2282 2332 2400 2377 atque

136 2385 315 2422 universe
342 2397 622 2436 nonnunquam
649 2387 864 2425 Homerum
892 2387 952 2425 vel
982 2387 1073 2425 deos
1101 2388 1162 2425 vel
1192 2388 1367 2426 homines
1393 2389 1596 2438 loquentes
1623 2389 1757 2436 facere,
1786 2394 1827 2426 ut
1855 2401 1952 2438 quae
1980 2388 2028 2425 ab
2057 2390 2105 2426 iis
2126 2389 2306 2427 dicantur
2333 2402 2403 2439 per

137 2459 178 2485 se
205 2447 470 2486 memorabilia
495 2450 573 2487 sint
601 2455 649 2499 et,
677 2451 710 2488 si
739 2450 820 2488 sola
848 2453 1052 2499 exstarent,
1087 2462 1150 2488 eas
1178 2452 1387 2489 sententias
1416 2452 1667 2501 continerent,
1703 2463 1800 2502 quae
1828 2463 1905 2488 non
1933 2450 2048 2489 modo
2076 2450 2287 2501 Homerici,
2327 2452 2397 2491 sed

138 2511 296 2547 omnino
325 2511 492 2550 hominis
532 2518 711 2551 naturam
739 2515 831 2551 satis
873 2515 1071 2564 aperirent.
1127 2515 1257 2564 Atque
1297 2515 1368 2552 hae
1409 2517 1620 2553 sententiae
1648 2520 1690 2552 ut
1718 2519 1808 2552 sunt
1849 2526 1892 2551 eo
1931 2515 2078 2552 similes
2117 2515 2398 2565 philosophiae,

139 2572 243 2623 quod
270 2572 319 2610 ad
346 2578 465 2612 totam
491 2576 611 2614 vitam
639 2578 840 2628 pertinent,
868 2578 921 2615 ita
940 2590 962 2615 a
989 2577 1305 2628 philosophorum
1325 2578 1499 2617 doctrina
1520 2578 1710 2627 differunt,
1739 2577 1842 2628 quod
1871 2577 1919 2615 ad
1939 2578 2141 2629 vulgarem
2159 2579 2404 2630 popularem-

139 2648 214 2686 que
242 2648 398 2674 sensum
418 2640 726 2678 accommodatae
745 2640 927 2678 videntur
953 2652 1036 2678 esse
1055 2653 1126 2678 nec
1153 2641 1286 2679 multis
1306 2646 1343 2679 et
1360 2642 1545 2692 gravibus
1566 2642 2144 2692 argumentisdemonstrantur,
2173 2642 2252 2689 sed,
2282 2654 2405 2692 quum

138 2711 214 2736 usu
241 2699 424 2748 magistro
452 2700 660 2752 discantur,
689 2715 756 2753 per
784 2715 824 2741 se
850 2704 1010 2753 liquent.
1065 2703 1242 2742 Primum
1274 2705 1393 2755 igitur
1420 2705 1683 2755 quaerendum
1710 2708 1776 2752 est,
1812 2705 1900 2753 quis
1927 2710 1966 2742 et
1994 2717 2071 2755 qua
2099 2707 2302 2743 occasione
2330 2705 2399 2743 ob-

139 2761 216 2799 lata
242 2765 348 2799 tanta
374 2763 563 2812 sapientia
597 2766 647 2804 sit
680 2766 784 2816 apud
811 2765 1036 2815 Homerum,
1064 2772 1157 2816 tum,
1193 2767 1288 2818 quid
1323 2769 1539 2818 argumenti
1571 2767 1736 2805 habeant
1770 2767 1841 2805 hae
1875 2769 2098 2816 sententiae,
2132 2772 2229 2818 post,
2265 2774 2398 2807 utrum

140 2825 243 2862 inter
270 2836 310 2862 se
338 2827 579 2864 consentiant
606 2840 738 2867 necne.

330 2898 389 2935 Ac
416 2899 585 2949 primum
613 2902 770 2952 quidem
798 2902 1008 2953 videamus,
1038 2904 1125 2954 quis
1153 2904 1213 2952 sit,
1243 2905 1310 2954 qui
1339 2906 1451 2955 quasi
1479 2904 1672 2955 quendam
1698 2904 1973 2955 philosophum
2000 2916 2041 2943 se
2068 2905 2258 2956 praebeat„
2314 2904 2401 2951 Qua

141 2962 182 2999 ‘m
209 2973 250 2999 re
282 2964 394 3012 poeta
418 2962 501 3012 ipse
530 2976 647 3014 quam
673 2977 753 3004 non
780 2964 959 3017 opinione
978 2966 1239 3018 praeiudicata
1257 2973 1323 3006 aut
1351 2967 1543 3006 statuendi
1569 2968 1724 3006 levitate
1752 2971 2051 3019 commoveatur,
2080 2972 2124 3007 ut
2144 2980 2292 3007 vacuus
2319 2980 2404 3007 esse

142 3025 272 3064 studio
300 3029 338 3064 et
363 3026 420 3063 ira
449 3025 609 3077 desinat,
637 3029 678 3067 id
707 3029 937 3069 documento
966 3036 1033 3079 est,
1069 3030 1173 3081 quod
1207 3044 1407 3083 nunquam
1435 3037 1502 3070 aut
1535 3033 1729 3070 rarissime
1756 3032 1894 3070 saltem
1921 3036 1958 3070 et
1986 3032 2270 3070 modestissime
2298 3032 2408 3082 dicit,
