2519 3449
93 370 290 420 arborum,
319 371 621 423 pellucidatibus
655 371 831 421 fontium,
865 370 1050 410 odoribus
1083 371 1236 422 florum,
1270 372 1447 411 cantibus
1474 373 1617 421 avium,
1655 376 1699 411 ut
1734 384 1783 411 ne
1822 372 1913 411 deos
1951 371 2107 423 quidem
2141 373 2365 423 paeniteret,

92 435 161 472 illo
188 435 274 472 loco
310 435 566 473 commorari?
612 435 743 484 Atque
769 434 966 472 Homerus
995 435 1101 484 quod
1129 434 1380 486 Olympum-⁹)
1409 447 1481 473 nec
1507 436 1659 486 pruinis
1677 435 1914 485 nivibusque
1941 435 2093 472 onerari
2121 446 2192 472 nec
2217 439 2363 486 tempe-

92 497 258 535 statibus
287 499 454 544 concuti,
482 497 550 534 sed
577 497 750 534 nubibus
768 509 893 534 vacua
912 497 1009 534 coeli
1037 499 1242 536 serenitate
1266 499 1496 536 circumdari
1523 498 1714 545 admonet,
1743 498 1784 535 id
1804 499 1891 546 agit,
1920 502 1963 534 ut
1992 510 2109 546 quam
2136 498 2360 536 facillimam

93 564 131 598 et
165 559 435 598 mollissimam
472 559 632 597 deorum
668 559 789 597 vitam
824 561 861 598 et
895 572 1014 610 qua-m
1049 560 1275 612 longissime
1307 564 1493 600 remotam
1526 573 1548 599 a
1581 559 1802 599 conditione
1836 559 2006 598 humana
2039 563 2230 610 putemus.
2284 559 2362 599 Hic

95 626 256 672 quaerat
285 623 495 673 quispiam:
541 633 670 659 nonne
696 621 893 660 Homerus
931 623 1163 674 plerumque
1198 624 1325 662 lucem
1358 624 1473 662 rebus
1507 635 1576 674 per
1610 635 1651 662 se
1684 635 1823 674 pamm
1855 623 2070 673 perspicuis
2104 624 2157 661 ita
2185 623 2362 673 offundit,

92 691 138 723 ut
165 697 231 723 eas
260 688 455 735 comparet
483 696 571 722 cum
598 684 763 722 natura?
817 685 871 723 At
898 697 969 736 ego
997 686 1223 737 respondeo,
1250 686 1465 725 Homerum
1493 686 1685 725 similibus
1713 690 1884 725 utentem
1921 686 1976 723 sic
2010 691 2053 723 ut
2089 687 2156 736 qui
2191 687 2361 725 maxime

94 760 175 786 non
203 749 328 798 ipsam
356 751 545 794 naturam,
571 747 639 784 sed
670 758 724 795 ea,
753 759 852 797 quae
880 747 928 785 ab
957 748 1113 787 homine
1141 753 1315 799 agantur,
1344 762 1388 788 eo
1416 750 1537 800 magis
1557 750 1753 800 explicare
1781 753 1818 787 et
1844 749 2048 796 declarare,
2078 748 2183 798 quod
2210 750 2360 800 peritis-

96 812 242 849 simum
271 823 312 849 se
339 814 505 862 praestet
538 822 671 848 earum
705 822 847 859 rerum,
877 824 977 862 quae
1012 812 1061 849 ad
1095 813 1214 850 vitam
1242 813 1304 851 vel
1338 812 1601 861 bestiarum¹⁰)
1637 813 1699 851 vel
1734 813 1955 864 plantarum
1989 813 2216 862 pertineant.
2271 812 2358 852 Non

95 875 218 924 igitur
244 874 427 921 leonis¹¹)
455 875 494 911 in
523 884 659 924 greges
687 874 885 924 pecudum
911 876 1161 926 irrumpentis
1188 875 1370 914 ferociam
1398 876 1642 925 demonstrat,
1670 888 1749 914 non
1778 876 1882 914 sitim
1895 875 1941 923 ¹²)
1970 875 2152 926 luporum
2181 880 2360 914 cruentas

93 938 250 987 linguas
270 950 372 986 aqua
392 937 508 974 fontis
527 938 798 985 imbuentium,
826 950 906 975 non
924 938 1054 987 fugam
1075 938 1331 986 cervorumffi)
1359 953 1382 977 a
1400 939 1647 977 venatoribus
1667 951 1688 976 e
1711 939 1867 976 latebris
1892 938 2081 975 silvarum
2100 942 2361 987 extrusorum⁷

94 1012 174 1037 non
203 998 393 1051 aprum14)
421 1011 574 1038 morsus
603 1000 760 1038 canium
788 1000 975 1038 vitantem
1003 1005 1039 1039 et
1066 1012 1116 1038 ex
1144 1000 1261 1039 latere
1296 1014 1360 1040 eos
1395 1003 1570 1051 icentem,
1602 1002 1678 1040 nisi
1711 1005 1755 1040 ut
1780 1001 1924 1047 doceat,
1961 1001 2153 1052 quomodo
2185 1002 2359 1040 homines

92 1064 195 1101 inter
222 1075 263 1101 se
291 1067 437 1100 certent
464 1064 543 1101 ritu
562 1063 784 1111 bestiarum,
813 1068 930 1114 atque
958 1065 1072 1101 etiam
1099 1065 1389 1114 papaverumffi)
1418 1078 1569 1103 summa
1595 1066 1720 1115 capita
1747 1069 1784 1103 et
1810 1063 2079 1115 palmarumffi)
2107 1065 2359 1114 gracilitatem

94 1130 380 1174 commemorat,
409 1138 488 1164 non
518 1138 595 1176 quo
624 1126 815 1164 eiusmodi
843 1126 1033 1176 exemplis
1061 1132 1220 1165 naturae
1248 1128 1309 1165 vel
1336 1128 1666 1178 pulchritudinem
1700 1128 1763 1166 vel
1795 1127 2071 1165 formositatem
2098 1127 2161 1165 vel
2195 1128 2360 1166 admira-

95 1189 283 1227 bilitatem
313 1189 547 1239 comprobet,
576 1189 644 1227 sed
674 1190 766 1239 quia
794 1190 972 1238 ostendit,
1001 1190 1166 1227 similem
1194 1202 1277 1228 esse
1304 1191 1487 1229 iuvenem
1514 1192 1555 1228 in
1582 1191 1727 1242 proelio
1757 1191 1957 1229 cadentem
1986 1190 2148 1228 decusso
2177 1192 2359 1241 papaveri

94 1258 131 1290 et
159 1253 323 1302 virg-inis
353 1256 540 1289 staturam
567 1252 728 1302 palmae.
784 1252 896 1289 Mitto
926 1265 1108 1301 quaerere
1137 1253 1184 1290 de
1211 1253 1390 1303 epithetis
1418 1254 1657 1302 ornantibus,
1687 1266 1785 1304 quae
1813 1257 2011 1300 vocantur,
2041 1253 2184 1302 quibus
2212 1257 2361 1290 constat

93 1315 312 1355 Homerum
346 1319 520 1354 utentem
554 1315 673 1354 semel
714 1316 942 1366 prow‘disse,
978 1327 1026 1354 ne
1064 1315 1256 1354 aberraret
1293 1315 1340 1354 ab
1370 1327 1426 1364 eo,
1462 1317 1566 1367 quod
1598 1318 1815 1355 maximum
1849 1321 1958 1355 esset.
2018 1315 2167 1354 Similia
2203 1316 2360 1366 quidem

96 1378 201 1430 quod
241 1379 281 1415 in
321 1378 444 1415 Iliade
483 1378 650 1415 ducenta
685 1378 970 1429 quinquaginta
1008 1383 1189 1429 quattuor
1222 1380 1383 1428 circiter,
1422 1381 1462 1416 in
1499 1379 1675 1429 Odyssea
1711 1392 1790 1417 non
1827 1380 1916 1437 plus
1958 1380 2243 1430 quinquaginta
2281 1379 2358 1417 duo

93 1443 353 1491 reperiuntur,
382 1444 608 1489 argumento
638 1442 735 1478 mihi
762 1454 847 1479 esse
874 1442 1038 1489 videtur,
1066 1446 1216 1491 poetam
1240 1443 1281 1479 id
1309 1444 1443 1492 egisse,
1471 1455 1520 1480 ne
1549 1444 1637 1492 quis
1665 1444 1791 1480 taedio
1826 1447 1892 1480 aut
1926 1443 2098 1479 satietate
2125 1443 2360 1491 proeliorum

94 1504 261 1543 aliorum
290 1515 341 1542 ex
368 1503 453 1542 aliis
481 1502 528 1541 ab
557 1503 721 1542 Achivis
738 1503 892 1542 Tr0ian1
921 1504 1233 1555 oppugnantibus
1263 1506 1556 1544 commissorum
1586 1509 1796 1557 caperetur,
1823 1505 1898 1544 nisi
1926 1505 2109 1544 varietate
2136 1515 2265 1544 rerum
2293 1515 2362 1556 per

94 1569 238 1605 similia
267 1568 406 1604 diffusa
435 1567 700 1604 delectaretur.

284 1642 337 1677 At
366 1646 467 1686 sunt,
498 1642 565 1689 qui
592 1644 740 1689 putent,
768 1652 853 1676 ean]
882 1641 1000 1676 animi
1028 1642 1358 1689 tranquillitatem,
1393 1654 1510 1689 quam
1542 1642 1738 1690 propriam
1766 1653 1848 1677 esse
1877 1654 1999 1689 quum
2033 1642 2132 1689 epici
2166 1644 2300 1689 poetae
2315 1639 2361 1685 17)

93 1708 178 1744 tum
205 1704 379 1743 maxime
406 1702 568 1743 Homeri
595 1704 670 1742 viri
700 1703 804 1743 docti
832 1716 903 1742 suo
932 1703 1015 1743 iure
1044 1703 1239 1754 dixerunt,
1279 1717 1362 1744 esse
1396 1704 1545 1744 nullam
1578 1717 1701 1756 posse,
1739 1705 1814 1743 nisi
1841 1707 1952 1756 po'eta
1985 1716 2116 1743 rerum
2145 1716 2282 1742 causas
2309 1704 2363 1743 ita

94 1769 269 1818 cognitas
288 1767 437 1812 habeat,
466 1770 510 1804 ut
538 1770 699 1804 naturae
719 1767 831 1817 quasi
852 1770 1082 1804 concentum
1111 1771 1226 1818 atque
1255 1779 1487 1805 consensum
1514 1768 1709 1818 percipiat.
1757 1767 1832 1805 Sed
1851 1768 1944 1805 haec
1964 1767 2083 1804 animi
2102 1766 2362 1817 tranquillitas

92 1844 173 1869 non
201 1836 269 1878 est,
298 1843 369 1869 cur
395 1843 474 1868 non
502 1832 542 1867 in
571 1832 618 1867 iis
646 1831 892 1879 potissimum
921 1832 980 1877 sit,
1009 1832 1077 1880 qui
1105 1843 1238 1868 secum
1266 1835 1357 1869 sunt
1385 1835 1511 1880 atque,
1548 1835 1589 1868 ut
1617 1831 1769 1879 dicitur,
1803 1843 1934 1868 secum
1960 1831 2112 1872 vivunt,
2148 1831 2212 1877 ita,
2247 1834 2291 1867 ut
2318 1842 2363 1867 ea

92 1908 172 1933 non
200 1898 279 1933 tam
308 1894 499 1933 redundet
527 1893 575 1931 ad
604 1894 779 1931 animum
808 1893 855 1931 de
879 1894 1099 1944 cognitione
1127 1907 1255 1932 rerum
1284 1898 1535 1932 externarum
1564 1907 1680 1945 quam
1715 1899 1759 1933 ut
1787 1894 1933 1932 donum
1968 1898 2004 1932 et
2031 1906 2175 1933 munus
2202 1896 2363 1931 naturae

98 1959 159 2007 sit,
189 1970 266 2008 quo
295 1957 395 1994 nihil
420 1961 545 2008 potest
574 1968 657 1994 esse
676 1956 924 2007 praeclarius.
979 1957 1079 1995 Nam
1108 1968 1242 1995 eorum
1270 1958 1435 2008 ingenia,
1464 1957 1607 2008 quibus
1635 1957 1733 1994 nihil
1762 1958 1844 2008 opis
1879 1961 1937 1995 est
1970 1957 2018 1994 ad
2045 1960 2183 2008 poema
2210 1957 2363 2007 epicum

93 2021 317 2059 faciendum
343 2022 385 2058 in
414 2020 516 2057 bona
543 2020 685 2067 indole,
717 2021 786 2069 qui
813 2023 940 2069 potest
966 2019 1075 2067 fieri„
1094 2023 1139 2057 ut
1172 2032 1256 2057 eam
1289 2021 1519 2058 hilaritatem
1548 2025 1584 2058 et
1612 2022 1854 2068 suavitatem,
1895 2032 2004 2070 quae,
2040 2022 2107 2070 qui
2147 2020 2362 2057 Homerum

93 2084 240 2134 legunt,
282 2083 483 2130 delectant,
526 2086 658 2132 petant
694 2095 716 2120 a
753 2081 871 2120 rebus
911 2083 1108 2120 externis?
1161 2082 1375 2121 Homerum
1423 2084 1545 2133 igitur
1582 2094 1739 2121 caecum
1777 2083 1907 2130 fuisse,
1947 2095 2184 2133 quamquam
2221 2082 2363 2119 falsum

94 2145 401 2184 existimandum
429 2150 496 2190 est,
525 2151 654 2182 tamen
682 2145 752 2181 vix
779 2145 906 2195 potuit
934 2144 1050 2193 credi,
1078 2145 1154 2182 nisi
1181 2157 1251 2183 suo
1277 2146 1361 2183 iure
1387 2146 1727 2194 existimavissent,
1760 2149 1913 2196 poetam
1940 2146 2029 2196 plus
2048 2145 2177 2183 valere
2205 2145 2361 2194 ingenio

96 2221 214 2259 quam
243 2208 376 2246 oculis.
1808 2222 1811 2226 -

285 2280 398 2325 Quod
424 2293 546 2330 quum
572 2282 625 2318 ita
650 2292 691 2318 se
717 2280 867 2328 habeat,
895 2284 939 2318 ut
967 2281 1081 2318 homo
1101 2280 1332 2319 Homericus
1352 2303 1402 2308 —
1427 2282 1467 2318 in
1488 2293 1531 2318 ea
1559 2285 1688 2319 autem
1715 2294 1756 2319 re
1784 2282 2083 2320 demonstranda
2102 2293 2172 2331 ego
2203 2280 2361 2330 quidem

91 2345 317 2395 negaverim
346 2343 394 2381 ab
414 2343 585 2381 Homero
613 2344 697 2394 ipso
723 2343 892 2382 multum
912 2343 1063 2381 differre
1082 2344 1278 2382 hominem
1297 2344 1550 2382 Homericum
1569 2367 1620 2370 —
1647 2356 1904 2395 quaecunque
1923 2345 2109 2395 adspectu
2128 2344 2360 2391 sentiuntur,

92 2421 143 2447 ex
172 2408 292 2446 animi
321 2407 383 2446 sui
403 2419 521 2445 sensu
548 2406 703 2456 iudicet,
730 2419 810 2445 non
829 2406 1001 2445 alienum
1020 2406 1175 2446 videtur
1193 2420 1277 2447 esse
1303 2420 1528 2459 proponere,
1555 2408 1753 2446 hominem
1772 2407 2037 2457 Homericum,
2066 2407 2216 2446 etiamsi
2234 2406 2359 2457 legem

90 2476 254 2509 naturae
280 2481 360 2508 non
381 2482 467 2508 eam
493 2471 818 2520 interpretaretur,
847 2481 965 2520 quam
992 2470 1224 2521 philosophi,
1251 2474 1379 2509 tamen
1408 2470 1482 2508 sibi
1501 2472 1631 2509 visum
1660 2482 1743 2509 esse
1771 2474 1927 2521 propter
1953 2470 2162 2508 nonnullas
2190 2480 2251 2506 res
2278 2480 2358 2506 una

91 2535 281 2572 contineri
310 2538 347 2571 et
374 2533 510 2571 eadem
536 2533 621 2582 lege
649 2536 818 2570 naturae.
873 2534 933 2570 Ac
971 2545 1086 2570 nemo
1126 2533 1371 2582 dubitaverit,
1412 2535 1506 2584 quin
1547 2534 1662 2572 homo
1700 2534 1935 2571 Homericus
1973 2534 2029 2571 sic
2058 2532 2284 2582 cogitaverit
2311 2531 2358 2569 de

89 2600 214 2635 morte
234 2601 270 2634 et
290 2596 337 2634 de
356 2597 565 2643 senectute,
593 2594 634 2632 id
655 2594 759 2645 quod
777 2594 840 2633 vel
859 2606 910 2633 ex
934 2596 1030 2646 ipsis
1058 2595 1236 2645 epithetis
1256 2596 1484 2634 ornantibus
1502 2595 1809 2646 intellegendum
1828 2598 1895 2644 est,
1923 2594 2066 2645 quibus
2084 2606 2164 2632 non
2184 2593 2302 2631 semel
2321 2596 2359 2631 et

89 2659 306 2708 mortem¹⁸)
335 2663 372 2698 et
399 2657 691 2706 senectutem¹⁹)
720 2658 927 2709 significat;
958 2665 1080 2708 ὁμοίϊον
1109 2659 1224 2708 enim,
1252 2671 1330 2698 non
1360 2665 1468 2709 ὁμοῖον
1494 2659 1535 2698 id
1563 2662 1630 2708 est,
1659 2658 1765 2709 quod
1792 2657 1973 2696 omnibus
2000 2656 2225 2696 hominibus
2254 2667 2357 2694 com-

88 2735 209 2761 mime
237 2726 303 2760 est.
358 2722 562 2760 Praeterea
589 2725 681 2759 sunt
710 2722 899 2772 quaedam
927 2723 1031 2772 deae,
1061 2733 1161 2773 quae
1188 2723 1319 2760 minus
1344 2723 1474 2760 variae
1500 2726 1537 2760 et
1562 2722 1769 2760 mutabiles
1795 2721 1978 2759 videntur
2005 2732 2089 2758 esse
2116 2731 2234 2770 quam
2252 2719 2357 2768 deae,

88 2790 133 2825 ut
159 2787 214 2824 ita
242 2786 379 2834 dicam,
406 2786 599 2823 maiorum
626 2785 812 2835 gentium.
867 2784 971 2830 Quas
999 2785 1090 2823 deas
1126 2785 1407 2835 intellegendas
1441 2797 1525 2824 esse
1559 2797 1673 2824 nemo
1710 2790 1768 2823 est
1796 2785 1891 2834 quin
1920 2784 2050 2822 videat
2075 2782 2280 2832 nymphas,
2314 2783 2356 2820 in

90 2861 258 2900 quarum
286 2849 448 2886 numina
474 2848 683 2886 translatae
711 2851 803 2886 sunt
832 2849 1080 2887 amoenitates
1106 2847 1346 2895 locorum.²⁰)
1400 2847 1451 2886 Et
1486 2860 1579 2887 vero
1606 2847 1804 2898 nymphae
1842 2847 1890 2886 ab
1928 2847 1997 2885 illa
2036 2845 2280 2896 simplicitate
2318 2848 2356 2883 et

87 2913 329 2963 ingenuitate
356 2915 517 2949 naturae
545 2923 590 2949 eo
618 2912 750 2949 minus
782 2910 1001 2960 abhorrent,
1037 2911 1143 2962 quod
1182 2923 1262 2949 non
1299 2915 1378 2949 tam
1415 2912 1570 2962 penitus
1598 2923 1639 2949 se
1677 2910 1848 2949 induunt
1886 2914 1924 2949 et
1960 2908 2178 2960 impediunt
2215 2908 2257 2945 in
2292 2920 2354 2947 res

88 2975 280 3013 humanas
309 2986 426 3025 quam
454 2973 654 3011 Minervae
684 2976 721 3011 et
755 2972 937 3011 Iunones.
993 2972 1068 3011 Sed
1095 2974 1291 3025 nymphae
1320 2986 1442 3025 quum
1477 2986 1671 3025 nusquam
1699 2977 1903 3012 versentur
1929 2972 2006 3010 nisi
2033 2972 2074 3009 in
2110 2970 2210 3009 lucis
2238 2973 2354 3022 atque

85 3039 127 3077 in
147 3038 357 3087 montibus,
386 3050 508 3088 quum
536 3038 634 3075 nihil
654 3037 833 3086 efficiant,
860 3037 936 3075 nisi
964 3040 1007 3075 ut
1033 3037 1158 3076 fontes
1177 3050 1279 3088 aqua
1306 3038 1445 3088 frigida
1464 3038 1660 3077 hominem
1687 3037 1823 3076 ardore
1843 3037 2095 3086 defatigatum
2123 3038 2296 3073 recreent
2314 3037 2354 3073 et
