2519 3449
1229 169 1278 209 13

123 358 238 396 etiam
266 358 449 409 expiandi
478 358 541 397 dei
568 369 686 396 causa
717 358 759 395 in
787 369 853 396 ora
885 358 1004 397 boves
1032 362 1070 397 et
1097 369 1232 409 capros
1259 357 1589 405 mactaverunt⁷³).
1642 358 1689 396 In
1724 358 1906 398 omnibus
1941 359 2061 410 igitur
2097 359 2297 399 sacrificiis
2330 360 2387 398 fa-

123 420 272 459 ciendis
299 422 593 461 concedendum
619 424 678 459 est
703 421 880 460 homines
908 425 1110 472 emptores,
1147 421 1239 459 deos
1271 421 1491 460 venditores
1526 432 1659 460 earum
1691 433 1822 460 rerum
1849 422 1985 471 videri,
2020 434 2117 472 quas
2144 423 2202 461 illi
2239 434 2309 474 per
2342 434 2385 461 se

123 494 204 521 non
229 483 382 534 habent,
416 484 458 523 hi
484 485 538 522 ita
565 483 669 532 dant,
709 487 753 522 ut
786 485 861 534 ipsi
896 496 1053 535 quoque
1080 496 1149 534 pro
1184 495 1344 521 munere
1378 483 1466 522 dato
1501 484 1651 534 aliquid
1685 485 1883 535 accipiant.
1940 483 2184 535 Quamquam
2212 487 2384 524 contenti

121 549 215 585 sunt
241 546 296 584 dii
321 547 471 585 tantulo
490 546 646 596 tributo,
670 546 858 597 quantulo
883 559 963 585 non
989 547 1110 585 vitam
1129 549 1356 592 sustentant,
1384 546 1452 584 sed
1479 547 1624 597 vident,
1653 547 1828 586 homines
1853 547 2015 586 deorum
2040 559 2119 586 non
2138 549 2383 587 immemores

120 621 222 657 esse;
252 613 420 649 attamen
446 609 658 660 vaporibus
698 621 719 647 e
761 621 876 648 carne
903 621 989 648 assa
1016 610 1109 648 ortis
1147 613 1185 647 et
1212 620 1367 647 sursum
1408 610 1495 648 latis
1522 610 1698 661 Iuppiter
1728 611 1811 661 ipse
1843 614 2042 662 tantopere
2070 611 2292 661 delectatur,
2338 618 2382 650 ut

119 684 234 723 aegre
259 673 355 711 ferat
381 684 516 711 eorum
542 672 764 710 mortalium
791 677 858 710 aut
885 672 1140 710 calamitatem
1168 675 1234 709 aut
1261 675 1434 720 mortem,
1463 673 1531 722 qui
1558 684 1762 723 nunquam
1789 674 2003 712 omiserunt
2030 685 2116 712 eam
2143 674 2382 725 voluptatem

119 748 273 775 summo
301 736 372 775 deo
399 733 598 783 afferren)
653 734 735 773 Nec
767 747 860 773 vero
892 735 1037 773 fiducia
1070 735 1347 773 sacrificiorum
1375 735 1489 773 homo
1515 735 1748 774 Homericus
1782 741 1997 775 commotus
2025 743 2093 786 est,
2127 742 2171 775 ut
2203 738 2250 775 iis
2286 739 2381 788 ipsis

120 798 195 838 sibi
213 799 410 838 videretur
435 798 683 838 satisfecisse
701 798 751 837 ad
776 798 938 838 deorum
963 798 1271 837 benevolentiam
1300 797 1375 836 sibi
1394 798 1688 837 conciliandam.
1743 798 1856 845 Quod
1874 801 1907 838 si
1925 800 1979 838 ita
1996 799 2143 848 fuisset,
2171 800 2383 838 verisimile

117 867 185 914 est,
213 875 348 914 procos
376 862 599 913 Penelopes,
626 863 853 913 priusquam
882 863 1089 901 consilium
1115 863 1294 900 iniissent
1311 861 1583 899 Telemachum
1611 861 1658 900 de
1686 862 1813 900 medio
1840 863 2013 912 tollendi,
2042 864 2162 901 sacris
2191 863 2381 902 faciendis

117 927 287 966 favorem
317 927 478 966 deorum
506 929 724 976 captaturos
751 925 880 965 fuisse.
936 924 1011 965 Sed
1039 925 1079 963 id
1107 925 1204 964 adeo
1230 925 1368 963 nonin
1387 925 1553 963 furiosos
1580 925 1669 964 illos
1688 926 1849 965 iuvenes
1877 926 2009 975 valuit,
2040 931 2094 975 ut,
2122 926 2191 965 ubi
2209 928 2380 978 primum

117 990 278 1028 insidias
307 1002 439 1028 eorum
467 989 718 1026 Telemachus
746 989 921 1027 Minerva
949 993 1105 1027 auctore
1133 989 1276 1039 effugit,
1311 1000 1355 1025 ea
1385 1000 1426 1026 re
1460 988 1824 1037 admonerentur⁷⁶),
1852 1001 1900 1026 ne
1928 989 1969 1026 in
1996 1001 2041 1027 eo
2070 990 2223 1041 incepto
2250 1001 2381 1041 perse-

117 1057 304 1102 verarent,
331 1053 556 1103 praesertim
584 1064 708 1101 quum
734 1053 1032 1102 Amphinomus,
1067 1064 1166 1102 quae
1194 1053 1278 1089 eius
1306 1056 1386 1089 erat
1413 1051 1593 1101 probitas,
1629 1052 1733 1088 hunc
1760 1052 1802 1088 in
1825 1052 1983 1089 modum
2005 1052 2186 1090 dixisset:
2224 1064 2265 1090 se
2295 1065 2377 1090 non

116 1116 164 1155 ab
193 1117 321 1155 animo
348 1116 563 1166 impetrare,
598 1119 642 1153 ut
667 1115 939 1154 Telemachum
973 1119 1144 1159 necaret;
1181 1115 1276 1166 quid
1304 1115 1408 1153 enim
1442 1126 1525 1152 esse
1554 1114 1820 1153 detestabilius
1849 1127 1965 1165 quam
1992 1116 2094 1165 regis
2121 1115 2247 1154 filium
2275 1117 2378 1154 occi-

114 1179 232 1217 dere?
278 1178 415 1228 Itaque
442 1178 500 1214 illi
530 1177 621 1215 deos
660 1178 915 1227 consulerent,
952 1181 1081 1216 utrum
1115 1178 1154 1215 id
1186 1178 1337 1215 facinus
1366 1178 1647 1215 committerent
1675 1188 1808 1223 necne,
1840 1176 1983 1227 quibus
2010 1178 2042 1215 si
2079 1178 2298 1228 placuisset,
2334 1190 2377 1216 se

110 1242 337 1279 Telemacho
376 1242 457 1277 vim
484 1241 690 1278 allaturum
731 1253 815 1278 esse
843 1246 879 1278 et
917 1247 1063 1278 ceteros
1099 1242 1360 1288 incitaturum,
1394 1246 1437 1277 ut
1472 1241 1574 1277 idem
1602 1241 1780 1277 facerent.
1837 1240 1894 1276 Ita
1928 1253 1948 1277 a
1988 1242 2123 1278 timore
2151 1241 2313 1277 deorum
2340 1246 2380 1278 et

111 1305 253 1355 pietate
281 1303 394 1354 plane
422 1302 635 1341 desciscere
662 1315 711 1341 ne
738 1315 942 1354 procorum
972 1304 1128 1354 quidem
1156 1304 1292 1342 levitas
1320 1307 1445 1354 potest
1473 1315 1543 1341 nec
1571 1303 1707 1353 religio
1735 1303 1857 1341 ullam
1885 1304 1985 1341 vitae
2021 1303 2280 1341 conditionem
2308 1315 2378 1341 ex-

113 1371 260 1418 pertem
288 1367 350 1404 sui
378 1377 462 1404 esse
485 1367 638 1417 patitur.

300 1429 376 1468 Sed
411 1431 595 1480 quoniam
623 1430 758 1481 quales
785 1430 877 1468 deos
910 1430 1024 1468 homo
1051 1430 1283 1468 Homericus
1319 1431 1447 1468 animo
1480 1429 1636 1467 finxerit
1665 1430 1757 1467 satis
1792 1429 1935 1466 dictum
1972 1436 2039 1477 est,
2074 1429 2225 1467 videtur
2253 1431 2376 1480 sequi,

112 1497 155 1531 ut
183 1493 395 1542 videamus,
431 1494 550 1531 animi
577 1506 672 1531 num
700 1493 940 1532 subtiliorem
983 1493 1246 1531 definitionem
1274 1506 1323 1531 ex
1351 1493 1570 1531 Homericis
1609 1492 1846 1531 carminibus
1880 1504 2033 1530 sumere
2061 1493 2261 1543 possimus.
2317 1495 2377 1531 Ac

111 1560 190 1595 tres
218 1560 309 1594 sunt
335 1568 408 1605 res,
437 1560 626 1606 quantum
653 1569 724 1607 ego
752 1557 975 1594 existimare
1001 1568 1161 1606 possum
1190 1569 1289 1606 quae
1317 1557 1493 1594 hocloco
1521 1561 1612 1593 sunt
1632 1556 1895 1593 disserendae:
1927 1557 1985 1594 vis
2014 1564 2050 1593 et
2078 1561 2214 1593 natura
2243 1557 2375 1604 animi,

114 1619 237 1657 libera
267 1632 383 1668 quam
411 1625 551 1657 vocant
578 1619 746 1667 libertas,
774 1619 1041 1656 immortalitas
1069 1621 1199 1656 animi.

301 1693 477 1731 Primum
505 1682 625 1743 igitur
653 1693 700 1731 de
719 1693 847 1731 animo
876 1693 960 1743 ipso
989 1693 1197 1731 dicendum
1223 1698 1290 1731 est.
1347 1692 1470 1738 Quam
1490 1693 1538 1731 ad
1565 1704 1646 1731 rem
1670 1692 1953 1742 explanandam
1977 1705 2134 1743 possum
2153 1705 2286 1731 omnes
2311 1706 2378 1731 eos

98 1756 217 1803 ,locos
238 1756 429 1807 colligere,
459 1756 612 1807 quibus,
633 1757 810 1806 quamvis
838 1756 888 1794 sit
914 1768 1055 1807 magna
1082 1757 1245 1794 varietas
1264 1756 1554 1805 vocabulorum,
1582 1756 1701 1794 animi
1730 1756 1874 1793 mentio
1902 1755 2000 1794 facta
2028 1756 2079 1793 ita
2107 1761 2174 1803 est,
2203 1760 2245 1793 ut
2272 1767 2377 1794 com-

112 1819 309 1869 paratione
337 1819 496 1868 eluceat,
526 1820 589 1857 cui
616 1819 749 1869 generi
776 1820 953 1870 proximo
982 1819 1108 1858 subsit
1134 1820 1240 1858 notio
1268 1819 1386 1857 animi
1416 1822 1454 1857 et
1489 1830 1588 1869 quae
1615 1819 1770 1869 partitio'
1796 1818 1972 1857 facienda
1999 1819 2049 1857 sit
2075 1819 2159 1857 eius
2186 1831 2376 1870 generum

112 1882 368 1933 partiumque.
424 1881 500 1921 Sed
520 1887 733 1933 opportune
761 1882 912 1932 accidit,
941 1883 1046 1933 quod
1066 1884 1151 1922 eius
1168 1882 1273 1921 modi
1294 1882 1502 1933 disputatio
1523 1882 1600 1920 iam
1620 1882 1768 1932 pridem
1788 1895 1809 1920 a
1828 1883 1923 1920 viris
1943 1882 2065 1921 doctis
2092 1883 2183 1921 satis
2203 1882 2376 1921 dilucide

110 1944 243 1982 habita
270 1943 391 1993 est,⁷⁶)
420 1956 470 1983 ex
499 1958 575 1996 qua
610 1956 709 1996 quae
742 1945 963 1983 efficiuntur
991 1946 1116 1996 placet
1148 1957 1369 1996 proponere.
1425 1944 1654 1995 Significant
1688 1945 1808 1995 igitur
1841 1945 1933 1982 haec
1967 1944 2155 1982 voeabula
2189 1957 2276 1995 pars
2310 1957 2376 1983 eas

111 2010 237 2058 partes
266 2008 448 2058 corporis,
476 2009 516 2046 in
546 2008 688 2059 quibus
717 2009 869 2047 animus
897 2010 980 2047 sive
999 2010 1083 2047 eius
1103 2009 1260 2047 affectus
1280 2008 1522 2047 domicilium
1550 2012 1587 2046 et
1608 2008 1738 2046 sedem
1758 2007 1898 2046 habere
1917 2007 2109 2057 dicuntur,
2138 2020 2225 2058 pars
2244 2009 2376 2058 ipsum

110 2070 285 2109 animum
313 2074 350 2109 et
378 2071 461 2111 eius
490 2071 720 2121 affectiones,
748 2085 835 2123 pars
864 2073 1081 2123 promiscue
1109 2077 1146 2112 et
1173 2072 1304 2111 sedem
1332 2079 1368 2111 et
1395 2073 1569 2110 animum
1596 2072 1733 2121 ipsum.
1788 2070 1834 2109 In
1863 2070 2067 2109 domiciliis
2096 2075 2227 2109 autem
2254 2072 2376 2110 animi

114 2133 355 2173 numeranda
382 2137 473 2173 sunt
501 2145 573 2185 κῆρ,
596 2145 723 2186 κραδίη,
748 2145 877 2186 στῆζτος,
901 2145 1025 2186 φρένες
1061 2136 1234 2174 animum
1273 2139 1310 2174 et
1348 2135 1515 2173 animam
1554 2134 1617 2173 vel
1654 2134 1873 2173 affectiones
1911 2133 2107 2172 declarant
2138 2136 2228 2184 ἦτορ,
2257 2140 2375 2184 θυμός,

110 2205 214 2245 μένος,
238 2207 343 2246 μῆτις,
366 2206 446 2247 νόος,
466 2206 569 2249 ψυχῆ;
593 2200 765 2237 medium
785 2200 970 2250 quiddam
995 2203 1129 2237 tenent
1155 2200 1256 2236 inter
1281 2211 1421 2249 corpus
1448 2203 1486 2236 et
1505 2199 1677 2236 animum
1705 2208 1776 2246 κῆρ,
1801 2206 1927 2245 κραδίη,
1958 2205 2080 2244 φρένες,
2106 2201 2377 2248 praeterquam

112 2259 227 2310 quod,
255 2265 298 2299 ut
325 2274 442 2312 supra
469 2262 773 2302 demonstratum
801 2268 868 2312 est,
897 2267 988 2301 sunt
1016 2263 1211 2301 domicilia
1238 2263 1366 2301 animi.
1422 2261 1515 2300 Dies
1542 2274 1603 2300 me
1632 2262 1793 2305 deficiat,
1822 2262 1854 2298 si
1874 2273 2099 2310 expromere
2118 2273 2246 2310 coner,
2275 2274 2376 2311 quae

111 2323 229 2360 animi
257 2324 481 2376 ingeniique
508 2325 708 2365 facultates
736 2330 773 2365 et
802 2337 901 2377 quae
936 2326 1055 2365 animi
1088 2325 1309 2365 affectiones
1342 2325 1402 2364 his
1437 2324 1637 2364 vocabulis
1670 2323 1936 2375 significentur
1971 2327 2008 2362 et
2043 2336 2161 2374 quam
2197 2335 2376 2375 quaeque

110 2384 249 2423 habeat
275 2386 427 2434 sedem3
461 2391 612 2426 tantum
632 2389 729 2438 dico,
759 2401 857 2440 quae
876 2391 1065 2428 sententia
1082 2389 1282 2427 vocabulis
1310 2399 1413 2439 θυμοῦ
1436 2394 1473 2427 et
1501 2399 1606 2439 ψυχῆς
1628 2386 1851 2427 subicienda
1870 2398 1954 2424 esse
1972 2387 2160 2425 videatur.
2214 2387 2376 2426 Intelle-

109 2448 237 2499 genda
264 2452 321 2487 est
348 2450 467 2501 igitur
488 2460 576 2503 ψυχή
599 2453 757 2504 spiritus
784 2454 886 2491 vitae
914 2454 996 2491 sive
1023 2453 1082 2491 vis
1109 2452 1237 2491 vitalis
1267 2453 1378 2503 quasi
1406 2464 1474 2503 per
1498 2456 1622 2491 totum
1641 2463 1777 2501 corpus
1796 2451 1849 2488 ita
1877 2449 2028 2500 diffusa,
2056 2456 2100 2489 ut
2126 2463 2207 2489 non
2235 2452 2278 2490 in
2297 2464 2377 2490 una

111 2512 194 2550 eius
221 2516 327 2562 parte
354 2513 518 2565 haereat,
545 2519 662 2567 atque
689 2528 735 2555 ea
760 2517 820 2559 vis
848 2528 987 2568 corpus
1016 2516 1166 2555 deserat
1191 2520 1389 2554 mortuum
1416 2527 1573 2554 necesse
1600 2519 1657 2554 est
1689 2514 1786 2563 ideo,
1816 2513 1920 2565 quod
1955 2513 2038 2552 sola
2067 2515 2214 2553 animi
2247 2515 2376 2553 vitalis

110 2575 169 2612 vis
197 2574 324 2624 efficit,
351 2580 395 2614 ut
422 2589 562 2629 corpus
589 2581 640 2618 sit
665 2581 810 2630 vivum,
837 2580 943 2618 unde
969 2583 1136 2631 apparet,
1164 2591 1235 2617 cur
1258 2591 1338 2617 non
1367 2579 1486 2617 semel
1503 2578 1697 2616 Homerus
1724 2577 1876 2626 dixerit,
1909 2584 2015 2628 ψυχήν
2043 2589 2093 2615 ex
2129 2590 2195 2616 ore
2230 2578 2292 2616 vel
2327 2590 2377 2615 ex

110 2637 271 2676 vulnere
298 2639 493 2679 mortifero
526 2643 776 2681 morientium
809 2643 963 2682 avolare
990 2643 1039 2681 ad
1072 2642 1226 2691 inferos,
1264 2641 1368 2692 apud
1397 2654 1494 2692 quos
1528 2642 1645 2679 vitam
1683 2652 1819 2691 parum
1854 2639 2013 2678 vitalem
2040 2640 2269 2679 umbrarum
2295 2642 2376 2679 ritu

109 2699 261 2750 agat-⁷⁷)
314 2700 470 2740 Etenim
497 2713 599 2755 ψυχαί
625 2718 747 2756 quum
785 2706 954 2757 primum
992 2717 1036 2744 eo
1070 2708 1271 2754 venerunt,
1309 2704 1409 2742 nihil
1447 2708 1538 2743 sunt
1574 2704 1648 2742 nisi
1684 2713 1799 2744 εἴδωλα
1841 2703 1903 2741 vel
1931 2710 2048 2744 νεκύων
2075 2709 2219 2753 ἀμενηνὰ
2241 2711 2372 2753 κάρηνα.

109 2762 168 2800 Ea
194 2767 323 2801 autem
350 2765 390 2801 vi
418 2776 525 2816 ψυχῆς
552 2779 593 2805 se
620 2769 833 2806 animat-um
861 2781 955 2817 esse,
990 2769 1116 2817 homo,
1150 2768 1273 2806 donec
1301 2768 1409 2816 vivit,
1448 2767 1613 2805 ostendit
1638 2775 1741 2814 sung»,
1769 2777 1849 2803 non
1878 2772 1954 2815 νόῳ,
1996 2766 2102 2816 quod
2139 2766 2377 2804 vocabulum

110 2838 191 2865 non
217 2829 296 2866 tam
322 2826 397 2866 late
423 2832 528 2880 patet
556 2843 673 2882 quam
699 2839 809 2883 θυμός.
867 2831 953 2879 Qua
985 2833 1028 2871 in
1060 2844 1101 2871 re
1135 2832 1304 2871 hominis
1336 2830 1534 2870 Homerici
1567 2833 1706 2868 natura
1739 2829 1988 2880 potissimum
2022 2830 2195 2869 cernitur
2228 2830 2376 2881 quippe

110 2891 294 2941 putantis,
322 2891 441 2929 vitam
468 2896 507 2931 et
533 2895 652 2933 animi
679 2896 759 2934 vim
787 2907 867 2934 non
893 2899 973 2934 tam
998 2896 1039 2934 in
1066 2895 1184 2934 rebus
1211 2894 1489 2947 cognoscendis
1516 2905 1632 2944 quam
1659 2892 1840 2944 gerendis
1868 2894 2035 2944 positam
2062 2904 2157 2943 esse,
2185 2905 2265 2931 non
2293 2905 2375 2944 quo

110 2966 191 2992 non
218 2954 322 2993 idem
348 2962 449 3003 θυμός
475 2958 700 3007 saepissime
726 2971 859 3009 parem
886 2964 952 2997 aut
979 2960 1217 2998 simillimam
1244 2959 1381 2997 habeat
1400 2959 1478 2995 vim
1505 2969 1549 2995 ac
1570 2964 1651 3004 νόος,
1674 2956 1743 2994 sed
1763 2956 1869 3007 quod
1887 2956 1937 2994 ad
1955 2958 2228 3007 proprietatem
2255 2957 2376 2994 animi

111 3017 271 3056 humani
299 3016 592 3069 significandam
620 3020 736 3060 homo
763 3021 998 3062 Homericus
1027 3034 1072 3061 eo
1100 3022 1289 3061 vocabulo
1316 3020 1505 3067 utebatur,
1534 3019 1638 3071 quod
1667 3019 1770 3059 cadit
1797 3021 1838 3059 in
1867 3020 1969 3059 vitae
1996 3021 2199 3067 actionem,
2227 3032 2305 3058 non
2334 3020 2377 3057 in
