2519 3449
1233 149 1283 187 26

123 336 236 387 signa
263 335 440 374 fabricati
468 339 570 386 sunt,
597 337 639 374 in
667 336 835 387 quadam
859 337 1075 377 imitatione
1101 338 1401 378 Homericorum
1438 338 1598 376 deorum
1637 342 1674 377 et
1713 338 1916 375 hominum
1953 338 2007 375 ita
2045 339 2187 376 versati
2226 338 2314 387 sint,
2353 341 2397 376 ut

121 411 222 450 quae
250 402 365 450 poeta
392 399 558 438 dicendo
586 400 848 449 expressisset,
875 413 1067 440 marmore
1102 406 1169 441 aut
1203 414 1290 441 aere
1316 402 1515 453 fingerent.
1571 401 1765 439 Videlicet
1802 401 1871 451 qui
1909 400 2085 439 homines
2118 412 2198 438 non
2232 404 2396 439 aetatem

119 466 285 514 egerunt
313 461 419 501 domi
446 465 513 501 aut
539 463 642 501 intra
658 463 835 513 parietes,
862 463 931 502 sed
951 465 1156 504 serenitate
1176 465 1274 504 coeli
1293 465 1342 504 ad
1361 465 1415 503 ita
1441 464 1656 503 vivendum
1675 463 1798 502 adiuti
1826 467 1928 513 sunt,
1956 467 2000 502 111
2017 463 2218 502 facultates
2245 464 2395 514 ingenii

120 538 201 564 non
231 538 322 564 cum
351 526 493 563 damno
520 525 756 563 valetudinis
791 527 1025 577 excolerent,
1060 530 1128 579 qui
1161 529 1337 567 homines
1364 540 1442 566 non
1481 532 1561 566 tam
1597 528 1747 578 ingenti
1785 526 2054 577 magnitudine
2097 527 2289 565 montium
2326 530 2394 565 aut

117 587 334 627 fluviorum
360 588 501 627 tardati
519 592 621 637 sunt,
648 591 693 626 ut
712 588 1010 640 deterrerentur,
1039 593 1249 641 quominus
1268 604 1333 630 eos
1351 592 1569 640 transirent,
1597 591 1666 629 sed
1686 589 1932 628 difficultates
1950 589 2123 628 locorum
2143 589 2396 641 expedientes

120 651 269 690 alacres
298 656 335 690 et
361 651 528 690 fiduciae
554 651 661 702 pleni
688 651 780 690 facti
807 656 910 702 sunt,
938 665 1072 691 eorum
1092 659 1241 693 mentes
1268 666 1346 692 non
1373 654 1498 704 potuit
1524 653 1607 691 fieri
1628 654 1724 704 quin
1751 663 1868 690 sanae
1894 652 1935 689 in
1964 664 2058 690 sano
2078 663 2238 703 corpore
2266 655 2395 691 0000111

118 716 184 763 ita,
230 719 284 763 111,
331 726 453 765 quum
499 714 546 751 de
591 718 696 752 statu
736 727 808 752 suo
849 727 929 753 non
970 716 1215 754 deicerentur
1253 716 1401 754 viribus
1442 717 1681 766 consumptis
1719 715 1768 753 ad
1796 715 1941 753 victum
1981 715 2208 766 parandum,
2236 726 2393 753 auream

119 778 318 830 quandam
344 777 648 816 mediocritatem
675 781 851 817 tenerent
878 782 995 830 atque
1023 779 1072 818 ad
1100 792 1255 819 omnem
1282 793 1397 819 usum
1424 779 1652 830 cultumque
1678 780 1781 818 vitae
1808 778 2059 817 transferrent
2085 782 2122 817 et
2151 791 2200 817 ne
2229 780 2392 817 otiantes

120 842 278 893 quidem
306 844 561 892 gravarentur
586 841 635 879 iis
663 841 705 878 in
732 840 849 879 rebus
875 843 1032 891 versari,
1062 855 1162 893 quae
1190 843 1238 881 ad
1277 848 1445 882 mentem
1485 842 1743 882 exercendam
1771 846 1808 881 et
1836 841 1884 880 ad
1912 842 2084 892 corporis
2115 841 2393 881 formositatem

118 904 450 955 mobilitatemque
478 903 697 954 augendam
737 904 854 942 utiles
881 910 1021 954 essent,
1059 906 1101 943 in
1128 905 1233 944 ludis
1270 906 1533 958 perdiscendis
1562 906 1669 945 volui
1698 905 1826 944 dicere
1854 904 2008 955 talibus,
2037 904 2171 956 quales
2197 904 2392 945 Phaeaces

117 970 238 1007 animi
264 967 453 1016 causa¹⁷⁶)
494 972 532 1005 et
573 968 639 1005 alii
665 967 866 1006 faciebant.
920 968 1026 1006 Hinc
1065 981 1146 1007 non
1172 971 1288 1008 modo
1317 975 1498 1009 venustas
1526 970 1745 1019 mulierum,
1785 969 1853 1008 sed
1880 970 1995 1007 etiam
2021 969 2189 1019 dignitas
2208 970 2392 1008 virorum.

119 1030 204 1078 Qua
221 1031 512 1082 pulchritudine
528 1031 725 1070 hominem
743 1030 996 1070 Homericum
1009 1045 1242 1084 magnopere
1262 1034 1493 1073 delectatum
1507 1046 1601 1083 esse,
1619 1033 1752 1072 multis
1770 1033 1867 1071 locis
1879 1032 2078 1071 evidenter
2089 1031 2315 1071 declaratur.
2324 1032 2391 1080 ¹⁷⁷)

117 1095 179 1133 Ac
208 1107 329 1145 quum
359 1106 504 1143 01111100,
534 1099 617 1133 111111
645 1095 821 1133 homines
847 1094 1058 1143 Homerici,
1099 1096 1263 1134 simulac
1301 1109 1380 1134 non
1419 1098 1497 1134 iam
1541 1109 1633 1134 cura
1672 1108 1802 1134 rerum
1845 1096 1893 1133 ad
1934 1096 2054 1133 vitam
2086 1097 2394 1134 necessariarum

116 1158 239 1209 pressi
266 1161 368 1207 sunt,
396 1169 438 1196 se
466 1161 503 1196 et
531 1157 692 1196 domum
718 1169 827 1196 suam
855 1162 1047 1196 exornant
1074 1162 1111 1197 et
1139 1160 1244 1197 omni
1271 1170 1413 1210 genere
1441 1159 1589 1199 decoris
1616 1159 1815 1198 laetantur.
1870 1156 2027 1209 Loquor
2054 1157 2102 1197 de
2120 1170 2165 1197 ea
2183 1158 2393 1210 voluptate,

117 1233 217 1271 quae
244 1233 363 1259 sensu
390 1221 551 1258 videndi
570 1222 790 1271 percipitur.
829 1220 931 1266 Quid
951 1222 1090 1258 aures?
1118 1234 1215 1259 num
1233 1223 1364 1260 minus
1384 1234 1517 1260 earum
1537 1222 1815 1260 oblectamenta
1835 1234 1953 1272 quam
1971 1221 2172 1259 oculorum
2194 1222 2391 1260 hominem

114 1285 372 1324 Homericum
406 1283 699 1335 permulcebant
713 1283 732 1322 ⁴?
788 1282 915 1330 Quare
945 1284 995 1323 ad
1022 1296 1086 1323 eas
1112 1288 1212 1323 artes
1239 1285 1506 1335 inveniendas,
1546 1297 1710 1336 quarum
1736 1287 1869 1336 postea
1893 1283 2030 1322 Graeci
2056 1284 2191 1334 optimi
2218 1285 2392 1335 magistri

125 1349 370 1402 exstiterunt,
400 1348 465 1384 via
504 1346 693 1397 patefacta
718 1350 787 1396 est,
829 1358 946 1397 quam
973 1348 1057 1385 sine
1085 1347 1204 1385 dubio
1242 1348 1357 1386 homo
1384 1347 1618 1387 Homericus
1655 1348 1708 1386 ita
1734 1348 1934 1399 ingressus
1975 1350 2043 1397 est,
2084 1349 2127 1385 ut
2167 1358 2265 1398 quae
2305 1348 2391 1399 ipse

116 1411 369 1448 inchoaverat
395 1409 632 1460 perficienda
658 1410 821 1459 posteris
850 1410 1026 1447 traderet.
1082 1410 1159 1448 Pro
1186 1410 1436 1448 incunabulis
1463 1412 1584 1461 igitur
1610 1412 1781 1448 omnium
1821 1411 1963 1448 artium
2003 1414 2040 1447 et
2071 1410 2271 1447 literarum
2299 1413 2391 1448 sunt

114 1486 159 1512 ea
188 1476 415 1511 ornamenta
442 1477 480 1510 et
518 1472 795 1510 delectamenta
836 1471 1024 1521 habenda,
1064 1473 1208 1524 quibus
1236 1474 1350 1511 homo
1378 1473 1612 1512 Homericus
1661 1474 1764 1512 domi
1805 1473 1977 1525 bellique
2004 1473 2194 1512 utebatur.
2250 1472 2389 1524 Itaque

111 1537 263 1576 nullam
291 1540 440 1589 partem
466 1537 569 1575 vitae
607 1536 722 1587 plane
749 1539 949 1586 expertem
987 1536 1288 1587 pulchritudinis
1313 1548 1397 1575 esse
1438 1537 1618 1576 sinebant
1658 1550 1702 1576 ac
1729 1550 1808 1576 non
1850 1537 1966 1575 modo
2006 1538 2124 1575 textis
2170 1536 2388 1575 artificiosis

111 1602 296 1651 vasisque
324 1598 525 1647 aureis¹⁷⁸)
553 1603 591 1637 et
617 1599 766 1637 ratione
793 1598 1023 1638 aedificandi
1049 1600 1151 1638 vitae
1179 1599 1411 1638 domesticae
1438 1600 1697 1650 pulchriorem
1737 1600 1900 1639 formam
1930 1599 2114 1650 affingere
2140 1599 2388 1650 incipiebant,

111 1664 182 1702 sed
210 1665 326 1701 etiam
354 1663 457 1700 bella
483 1666 660 1712 gerentes
687 1666 725 1699 et
752 1673 843 1699 cum
869 1662 1047 1699 hostibus
1088 1662 1380 1712 congredientes
1416 1662 1704 1712 magnificentia
1745 1667 1782 1701 01
1821 1663 2026 1714 splendore
2067 1674 2265 1701 armorum
2292 1663 2389 1701 alios

110 1738 295 1778 superare
323 1729 390 1764 aut
409 1725 457 1763 ab
486 1725 572 1763 aliis
590 1736 671 1762 11011
689 1724 795 1762 vinci
813 1724 949 1762 saltem
968 1724 1161 1763 volebant.
1215 1724 1371 1763 Etenim
1397 1737 1515 1775 quam
1542 1726 1708 1776 quisque
1733 1727 1836 1764 norit
1862 1729 1994 1774 artem,
2021 1726 2064 1763 in
2082 1737 2127 1764 ea
2145 1726 2388 1764 excercenda

109 1802 160 1829 ne
185 1789 309 1829 oculis
338 1788 496 1839 quidem
524 1791 566 1826 111
594 1787 797 1838 displiceat
823 1787 977 1826 videtur
1004 1792 1146 1839 optare,
1174 1788 1279 1839 quod
1307 1787 1481 1826 studium
1508 1788 1563 1826 ita
1588 1789 1749 1827 insitum
1774 1792 1934 1827 naturae
1952 1789 2145 1827 humanae
2164 1792 2231 1839 est,
2260 1793 2304 1827 ut
2321 1789 2384 1827 vel

109 1866 180 1906 per
210 1854 342 1891 iocum
381 1853 423 1889 in
471 1851 666 1902 quendam
705 1852 836 1889 virum
881 1851 1147 1890 doctissimum
1194 1852 1316 1900 cadat,
1359 1852 1427 1901 qui
1471 1855 1661 1901 narratur,
1700 1853 1928 1903 priusquam
1972 1852 2093 1891 literis
2134 1863 2176 1891 se
2220 1852 2388 1903 abderet,

108 1917 286 1955 induisse
313 1918 460 1953 vestem
492 1914 725 1952 nitidiorem.
780 1914 919 1965 Neque
945 1915 1065 1965 igitur
1098 1927 1273 1965 unquam
1300 1915 1497 1953 Homerus
1530 1926 1664 1953 eorum
1692 1927 1798 1953 aima
1824 1920 1862 1953 et
1887 1915 1974 1964 tela,
2010 1915 2172 1966 galeam,
2213 1915 2385 1965 loricam,

111 1980 292 2031 clipeum,
333 1989 475 2027 ocreas,
516 1976 703 2028 gladium,
731 1977 861 2016 hastas
891 1977 1108 2016 describere
1136 1990 1214 2017 non
1244 1982 1363 2027 curat,
1405 1990 1574 2027 quorum
1612 1977 1807 2027 praeclare
1844 1989 1906 2016 res
1942 1978 2131 2028 gerendas
2159 1982 2386 2016 narraturus

108 2047 178 2093 est,
204 2041 461 2093 inprimisque
488 2051 566 2089 eOS,
595 2040 663 2091 qui
690 2039 837 2091 singuli
865 2052 955 2079 cum
982 2041 1146 2092 singulis
1174 2041 1384 2092 pugnaturi
1411 2045 1513 2090 sunt,
1555 2041 1672 2079 armis
1712 2041 1798 2079 aliis
1837 2045 1925 2091 post
1952 2041 2027 2079 alia
2068 2053 2109 2079 se
2150 2044 2384 2079 exornantes

107 2103 345 2151 inducit.¹⁷⁹)
400 2102 534 2148 Quid?
563 2103 668 2153 quod
694 2104 737 2140 in
765 2106 875 2141 scuto
901 2104 1069 2141 Achillis
1091 2103 1334 2155 depingendo
1364 2110 1440 2141 tam
1462 2104 1643 2154 copiosus
1671 2107 1738 2152 est,
1766 2107 1810 2141 ut
1836 2115 1881 2141 ea
1900 2103 2157 2154 descriptione
2184 2106 2384 2154 tamquam

107 2168 401 2207 universitatem
428 2178 561 2204 rerum
588 2166 967 2216 complectaturifflffl)
1842 2216 1846 2221 .

297 2229 349 2268 Et
375 2228 513 2279 videte,
542 2232 732 2280 quantum
759 2229 876 2268 homo
903 2229 1136 2269 Homericus
1164 2231 1205 2268 in
1232 2230 1397 2282 singulis
1436 2230 1584 2269 artibus
1612 2229 1822 2280 profecerit.
1878 2229 2006 2276 Quare
2034 2230 2218 2280 quoniam
2246 2241 2382 2269 omnes

107 2299 208 2334 artes
236 2294 285 2332 ad
313 2305 399 2331 eam
426 2293 662 2343 voluptatem
689 2294 893 2344 pertinent,
935 2305 1034 2344 quae
1073 2304 1094 2331 e
1120 2292 1237 2333 rebus
1271 2297 1338 2331 aut
1364 2293 1555 2344 adspectis
1595 2297 1661 2330 aut
1689 2292 1829 2330 auditis
1857 2293 2016 2344 capitur,
2056 2292 2226 2343 primum
2254 2294 2380 2331 consi-

108 2357 323 2397 derandum
368 2359 439 2406 est,
486 2367 585 2407 quae
628 2355 745 2395 fuerit
778 2368 840 2395 ars
884 2356 1069 2408 fingendi,
1116 2356 1355 2406 aedificandi,
1401 2356 1579 2405 saltandi,
1624 2360 1707 2394 tum
1753 2356 1879 2406 qualis
1925 2368 1986 2394 ars
2031 2355 2167 2394 modos
2201 2355 2380 2406 faciendi,

106 2422 291 2473 poeticae,
319 2419 484 2457 dicendi.

294 2492 416 2532 Nulla
442 2491 522 2530 fere
548 2492 711 2543 vestigia
738 2492 997 2543 agnoscimus,
1027 2490 1169 2543 quibus
1189 2496 1379 2542 appareat,
1407 2492 1605 2530 hominem
1629 2490 1881 2530 Homericum
1908 2492 2020 2543 signa
2036 2491 2267 2530 fabricatum
2294 2503 2380 2531 esse

105 2561 172 2596 aut
198 2557 420 2608 peritiorem
438 2555 559 2593 fuisse
578 2555 865 2594 architecturae.
919 2555 1020 2593 Nam
1041 2554 1145 2606 quod
1165 2566 1280 2593 canes
1299 2556 1406 2593 aurei
1434 2559 1472 2593 et
1490 2555 1662 2606 argentei
1681 2554 1839 2594 domum
1866 2555 2023 2594 Alcinoi
2042 2554 2376 2604 custodientes¹⁸¹)

104 2625 142 2659 et
171 2620 435 2659 adolescentes
463 2630 558 2656 auro
585 2617 676 2666 ficti,
710 2619 778 2667 qui
805 2618 908 2656 faces
935 2617 1153 2665 tenent‚¹⁸²)
1193 2622 1554 2665 commemorantur,
1595 2621 1633 2654 et
1678 2618 1781 2666 quod
1807 2618 2057 2655 Telemachus
2085 2623 2122 2654 et
2149 2618 2376 2655 Pisistratus

102 2682 251 2734 regiam
277 2680 444 2720 Menelai
473 2690 564 2719 cum
582 2682 739 2730 stupore
767 2678 937 2730 quodam
956 2677 1339 2730 contemplantur¹⁸³)
1368 2683 1405 2718 et
1432 2679 1551 2718 simili
1578 2678 1692 2717 modo
1710 2680 1866 2718 Alcinoi
1894 2680 2033 2718 domus
2061 2679 2377 2729 desc1ibitur,¹⁸4)

103 2745 311 2794 nescimus,
339 2747 532 2795 quatenus
560 2753 624 2780 eas
650 2753 712 2779 res
739 2744 853 2793 poe'ta
880 2742 1110 2793 cogitatione
1138 2746 1176 2780 et
1202 2742 1359 2792 ingenio
1388 2742 1617 2793 depinxerit.
1672 2742 1848 2794 Itemque
1874 2744 2066 2781 incertum
2085 2746 2153 2792 est,
2182 2755 2231 2781 an
2259 2744 2374 2781 cuius

102 2809 145 2846 in
173 2808 297 2845 Iliade
337 2807 439 2857 signi
466 2805 668 2843 Minervae
705 2806 849 2843 mentio
877 2804 962 2843 fieri
989 2804 1218 2851 videtur1⁸⁶)
1258 2804 1299 2842 id
1327 2804 1640 2842 commenticium
1668 2804 1726 2842 sit.
1781 2804 1956 2842 Saltandi
1982 2809 2113 2842 autem
2140 2810 2231 2854 arte,
2273 2816 2374 2855 quae

102 2870 279 2909 consistit
306 2870 346 2906 in
375 2866 545 2906 motibus
573 2868 745 2918 corporis
765 2879 928 2905 numero
949 2867 1282 2916 convenientibus,
1310 2880 1333 2905 a
1359 2867 1470 2904 nullo
1500 2866 1719 2903 mortalium
1738 2866 1932 2905 Phaeaces
1962 2867 2084 2905 victos
2112 2878 2207 2916 esse,
2237 2867 2377 2905 Ulixes

100 2944 147 2973 eo
173 2934 298 2984 magis
326 2932 490 2970 idoneus
518 2937 585 2980 est,
616 2930 685 2982 qui
712 2928 957 2981 testetur,¹⁸⁶)
986 2929 1092 2983 quod
1119 2929 1262 2969 multas
1289 2930 1494 2969 hominum
1521 2927 1637 2967 urbes
1656 2927 1832 2979 adiit.¹⁸⁷)
1887 2928 1971 2968 Iam
1993 2928 2041 2968 ab
2069 2933 2150 2969 arte
2168 2928 2375 2969 modorum

98 3000 155 3037 ita
181 3010 261 3036 non
290 2997 440 3035 alienus
468 3002 549 3034 erat
576 2996 692 3034 homo
721 2994 964 3043 Homericus,
1001 2998 1045 3033 ut
1073 2995 1219 3032 cithara
1246 2998 1409 3033 caneret.
1464 2993 1502 3031 N
1503 3004 1547 3031 ec
1574 2998 1703 3032 tamen
1742 2994 1914 3032 musicae
1941 2993 2180 3032 exercendae
2219 3004 2376 3044 operam
