2519 3449
1240 141 1285 179 11

125 338 426 391 pulcherrimam
455 335 686 384 Gratiarum,
710 339 827 386 Ὕπνῳ
849 332 1025 371 daturam
1052 343 1135 371 esse
1163 335 1339 385 nuptum.
1393 333 1525 384 Atque
1552 332 1643 370 item
1673 332 1848 371 homines
1876 334 2064 384 optantes,
2104 334 2156 380 111,
2185 331 2217 370 si
2245 329 2387 370 falsum

126 404 350 450 iuraverint,
388 403 463 451 ipsi
490 400 713 449 puniantur,
749 402 914 447 sperant,
941 398 1032 445 fore,
1059 401 1113 445 ut,
1142 399 1175 434 si
1202 398 1378 434 homines
1406 409 1485 433 non
1513 397 1666 433 valeant
1694 397 1742 432 ad
1771 407 1914 446 poenas
1942 397 2102 445 periurii
2135 396 2182 431 ab
2210 397 2305 444 ipsis
2332 407 2392 431 re-

126 464 322 516 petendas,
357 464 411 503 dii
437 472 575 514 graves
608 459 782 499 vindices
810 460 965 499 sceleris
993 455 1277 507 exsistant‘fflb)
1331 457 1690 499 Exsecrationem⁶²
1699 455 1733 506 ²³)
1775 461 1905 497 autem
1947 456 2110 496 credunt
2138 469 2221 495 eam
2250 457 2391 496 habere

127 528 218 577 vim,
246 530 289 565 ut
317 527 371 564 dii
399 525 446 564 ab
476 535 531 573 eo,
561 534 675 574 quem
702 524 777 574 ipsi
795 523 971 561 homines
999 534 1069 574 pro
1097 525 1253 574 accepta
1283 523 1424 561 iniuria
1450 523 1588 561 ulcisci
1615 532 1694 560 non
1713 521 1871 572 possint,
1899 531 2064 573 poenam
2083 521 2274 572 sumpturi
2303 521 2390 559 sint.

123 591 374 629 Telemachus
401 591 538 627 timore
566 586 824 633 Furiarum⁶⁶)
864 589 997 624 matris
1035 592 1250 624 commotus
1290 591 1404 636 negat
1431 599 1472 624 se
1499 592 1661 624 matrem
1703 590 1925 623 coacturum
1965 597 2048 622 esse
2081 585 2240 622 domum
2268 587 2387 634 patris

124 654 354 703 relinquere.
408 650 458 690 Et
495 661 587 688 vero
632 647 856 699 Oedipus⁶⁷)
895 662 917 687 a
954 649 1087 687 matris
1124 648 1375 699 eiusdemque
1414 650 1591 699 coniugis
1629 649 1797 686 Iocastes
1842 647 1970 685 Furiis
2012 648 2179 697 agitatus
2225 652 2281 685 est
2320 662 2389 697 pro

127 716 270 754 scelere
313 714 417 764 quod
443 713 591 750 invitus
618 712 660 748 in
687 722 728 749 se
755 711 970 749 admiserat.
1025 711 1165 748 Incitat
1184 712 1225 747 in
1252 710 1492 762 Meleagrum
1530 709 1748 758 Althaea-⁵⁸)
1785 714 1907 747 mater
1933 708 1964 746 F
1966 710 2070 746 urias
2113 709 2282 746 irascens
2308 709 2389 746 filio

126 783 282 828 propter
307 778 463 815 fratrem
490 788 606 813 suum
633 775 681 812 ab
709 787 753 812 eo
781 775 1035 812 interfectum.
1091 774 1225 819 Quid?
1260 776 1364 823 quod
1392 776 1533 812 adsunt
1568 777 1662 823 ipsis
1698 775 1914 822 hospitibus
1949 780 1985 810 et
2019 774 2207 810 mendicis
2239 774 2269 809 F
2273 775 2389 813 uriae,

129 852 226 893 quas
257 838 398 880 Ulixes
425 833 671 890 precatur,⁶⁹)
710 838 754 875 ut
782 835 1000 876 Antinoum
1028 836 1218 889 supplicio
1246 835 1444 877 afficiant?
1492 835 1622 884 Quum
1648 836 1690 876 in
1718 848 1762 875 eo
1791 838 1900 885 esset,
1928 840 1971 875 ut
1990 833 2191 875 Menelaus
2220 839 2256 874 et
2276 833 2385 874 Paris

127 904 244 941 armis
272 903 531 949 decernerent,
558 904 644 937 uter
661 899 852 936 Helenam
879 903 916 936 et
934 900 1160 937 thesaurum
1188 900 1354 949 haberet,
1382 900 1677 951 Agamemno⁶⁰)
1707 903 1866 936 testatus
1888 898 2031 947 Iovem,
2061 897 2200 946 Solem,
2228 896 2387 935 Fluvios

127 967 330 1014 Tellurem,
349 965 491 1002 inferos
511 963 602 1001 deos
621 963 765 1000 iuravit
779 962 959 1000 videlicet
977 975 1056 1000 non
1074 963 1188 1000 modo
1209 976 1278 1001 suo
1298 967 1335 1001 et
1349 964 1600 1010 Achivorum,
1620 964 1687 1001 sed
1703 964 1818 1000 etiam
1830 962 2080 999 Troianorum
2100 963 2267 1009 nomine,
2288 973 2388 1009 eum,

130 1031 196 1081 qui
225 1029 272 1067 ab
301 1029 419 1067 altero
439 1027 639 1065 victoriam
666 1029 907 1077 reportasset,
934 1024 1125 1064 Helenam
1148 1030 1185 1065 et
1203 1026 1428 1065 thesaurum
1451 1032 1698 1078 accepturum
1718 1038 1802 1064 esse
1821 1026 1883 1074 ita,
1911 1026 2051 1064 utnon
2073 1025 2247 1063 futurum
2275 1030 2387 1067 esset,

129 1092 233 1141 quod
253 1092 407 1140 longius
423 1089 581 1126 vbellum
608 1093 813 1138 gereretur.
870 1088 1112 1138 Quamquam
1141 1089 1234 1126 haec
1252 1102 1314 1127 res
1342 1102 1431 1127 eum
1458 1090 1573 1127 habet
1600 1091 1760 1133 exitum,
1788 1096 1831 1125 ut
1857 1089 2103 1137 perspicuum
2131 1089 2190 1131 sit,
2220 1087 2311 1125 deos
2338 1098 2387 1125 ne

126 1155 326 1192 sanctitate
344 1152 595 1191 iurisiurandi
612 1152 768 1201 quidem
784 1164 1065 1201 nonnunquam
1084 1153 1250 1201 retineri,
1271 1154 1366 1202 quin
1383 1144 1430 1191 'ea
1446 1153 1656 1203 perficiant,
1677 1163 1775 1201 quae
1795 1150 1960 1200 perfecta
1989 1150 2132 1187 volunt.
2171 1149 2247 1188 Res
2267 1151 2388 1199 igitur

128 1216 243 1267 digna
272 1215 435 1263 videtur,
472 1215 514 1251 in
543 1227 659 1264 quam
688 1214 911 1264 diligentius
938 1215 1191 1265 inquiramus.
1244 1215 1381 1266 Neque
1416 1217 1520 1253 enim
1556 1215 1723 1253 dubitari
1752 1218 1886 1264 potest,
1927 1214 2020 1263 quin
2057 1214 2230 1250 futurum
2259 1213 2384 1259 fuerit,

127 1284 170 1317 ut
198 1279 306 1317 Paris
335 1291 357 1316 a
384 1277 560 1315 Menelao
588 1276 878 1325 interficeretur,
911 1278 986 1315 nisi
1012 1278 1054 1315 in
1086 1281 1256 1328 tempore
1284 1278 1414 1316 Parim
1445 1279 1578 1316 Venus
1614 1292 1635 1316 a
1663 1284 1870 1327 conspectu
1897 1276 2061 1314 Menelai
2090 1276 2383 1326 abripuisfflfftffl.)

126 1342 229 1392 Ergo
250 1341 383 1378 Venus
412 1344 546 1378 auctor
572 1340 654 1389 fuit,
684 1344 725 1377 ut
757 1339 866 1377 Paris
895 1344 1121 1389 servaretur,
1150 1352 1265 1391 quem
1284 1345 1411 1379 tamen
1440 1354 1517 1379 non
1547 1341 1661 1379 modo
1691 1339 1895 1385 Aeliu-15⁵²)
1924 1339 1991 1377 sed
2019 1340 2132 1377 etiam
2154 1338 2379 1390 Iuppiter⁶³)

126 1406 208 1454 ipse
236 1406 380 1441 victum
410 1416 432 1440 a
464 1403 640 1441 Menelao
669 1415 752 1440 esse
780 1406 1022 1452 putaverunt.
1078 1402 1204 1447 Quare
1232 1404 1419 1452 crederes,
1461 1405 1553 1441 deos
1596 1406 1710 1441 enixe
1740 1416 1895 1453 operam
1925 1403 2080 1439 daturos
2110 1416 2202 1442 esse,
2239 1409 2279 1439 ut
2310 1415 2382 1446 res,

126 1480 242 1518 quam
269 1467 411 1504 Achivi
439 1470 477 1504 et
494 1466 648 1504 Troiani
674 1465 923 1504 iureiurando
949 1466 1181 1514 sanxissent,
1209 1471 1465 1516 perageretur.
1521 1466 1606 1504 Hoc
1635 1473 1762 1505 autem
1790 1466 1874 1504 fieri
1902 1478 1979 1503 non
2008 1466 2142 1515 potuit.
2171 1467 2250 1503 sive
2279 1466 2382 1516 quod

124 1530 298 1581 Iuppiter
334 1529 484 1567 Thetidi
511 1530 748 1580 promiserat,
786 1540 826 1567 se
861 1528 1084 1567 adiuturum
1116 1540 1199 1567 esse
1226 1529 1409 1567 Troianos
1438 1529 1486 1567 ad
1514 1531 1685 1569 Achivos
1714 1529 1936 1571 vincendos,
1966 1540 2042 1579 quo
2070 1529 2234 1566 Achillis
2261 1529 2383 1579 gloria

125 1597 329 1643 augeretur
355 1614 405 1618 —
434 1605 550 1642 quam
576 1604 693 1643 grave
731 1593 780 1630 sit
807 1592 848 1628 id
874 1593 1118 1641 promissum,
1158 1603 1207 1629 ex
1236 1604 1280 1630 eo
1308 1592 1444 1640 loc028)
1479 1593 1613 1631 Iliadis
1641 1600 1807 1643 apparet,
1850 1592 1898 1629 ad
1934 1603 2049 1641 quem
2089 1591 2244 1628 Phidias
2273 1603 2382 1641 prae·

124 1656 266 1693 claram
284 1656 391 1693 illam
419 1659 585 1694 statuam
604 1655 708 1694 Iovis
737 1655 1046 1693 accommodasse
1074 1655 1215 1693 dicitur
1235 1679 1284 1683 —-
1311 1657 1393 1694 sive
1422 1657 1526 1706 quod
1542 1657 1696 1695 Troiani
1725 1668 1768 1693 eo
1796 1655 2054 1693 miserabilius
2082 1656 2239 1704 perituri
2265 1660 2383 1703 erant,

124 1732 200 1770 quo
228 1720 351 1757 serius
389 1732 553 1770 poenam
581 1720 789 1758 solverunt.
844 1721 980 1770 Itaque
1016 1721 1100 1770 ipso
1129 1720 1222 1758 Iove
1260 1721 1467 1768 auctorem)
1496 1721 1681 1769 Minerva,
1719 1733 1838 1771 quum
1879 1721 2031 1767 Achivi,
2069 1719 2201 1757 confisi
2230 1720 2383 1757 foedere

122 1781 198 1820 icto
226 1782 354 1821 hostes
382 1795 461 1821 non
489 1783 680 1822 timendos
715 1795 798 1822 esse
826 1784 1085 1835 opinarentur,
1114 1783 1290 1822 Pandaro
1319 1785 1520 1835 persuasit,
1559 1790 1601 1823 ut
1639 1785 1816 1835 sagittam
1856 1785 1896 1822 111
1924 1783 2140 1822 Menelaum
2182 1785 2383 1830 coniceret,

123 1858 244 1895 quum
273 1846 425 1891 diceret,
454 1847 536 1884 sine
565 1846 682 1884 dubio
710 1847 822 1885 illum
850 1848 951 1885 dona
976 1848 1251 1897 pretiosissima
1279 1860 1300 1884 a
1329 1848 1468 1885 Paride
1496 1852 1744 1898 accepturum
1771 1859 1864 1894 esse,
1893 1848 1925 1885 si
1953 1847 2170 1884 Menelaum
2199 1853 2381 1885 necasset.

121 1906 271 1946 Deinde
311 1922 432 1959 quum
460 1909 662 1963 Pandarus
702 1911 914 1948 temeritate
940 1910 1124 1948 inductus
1152 1910 1253 1948 ultra
1280 1911 1336 1948 fas
1364 1911 1485 1949 telum
1525 1912 1566 1948 in
1605 1924 1744 1960 corpus
1773 1910 1937 1948 Menelai
1967 1910 2178 1950 direxisset,
2207 1909 2383 1947 Minerva

122 1971 255 2009 eadem
284 1971 417 2021 effecit,
453 1976 496 2010 ut
514 1971 682 2010 Pandari
711 1974 848 2023 sagitta
875 1971 1041 2010 Menelai
1069 1973 1168 2010 cutis
1195 1972 1332 2010 leviter
1358 1974 1619 2024 stringeretur.
1675 1973 1734 2011 Ita
1761 1973 1814 2022 fit,
1842 1977 1885 2011 ut
1912 1973 1960 2011 ad
1988 1972 2210 2010 violandum
2239 1973 2300 2010 ius
2329 1972 2383 2010 dii

118 2034 193 2084 ipsi
220 2035 415 2072 hominem
442 2036 612 2084 incitent,
641 2036 849 2074 dummodo
878 2035 926 2073 ad
954 2035 1131 2073 effectum
1159 2035 1363 2085 adducant,
1393 2037 1496 2087 quod
1524 2037 1628 2088 apud
1666 2038 1838 2075 animum
1866 2032 2244 2084 constitueruntfist)
2273 2036 2382 2075 Nihil

119 2097 238 2146 igitur
265 2111 386 2147 quum
414 2100 463 2136 sit
490 2104 568 2136 tam
596 2106 782 2147 sanctum,
812 2099 916 2148 quod
935 2111 1011 2136 non
1032 2100 1185 2135 irritum
1213 2110 1296 2136 esse
1316 2099 1370 2135 dii
1397 2099 1566 2148 iubeant,
1596 2102 1738 2150 quippe
1767 2101 1833 2149 qui
1857 2102 1909 2137 ita
1936 2112 1995 2136 res
2023 2101 2213 2137 humanas
2241 2101 2382 2150 guber-

117 2164 221 2207 nent,
249 2165 291 2198 ut
311 2161 440 2199 omnia
467 2161 515 2199 ad
534 2160 679 2199 bonum
698 2161 910 2212 perducant
930 2161 1088 2208 exitum,
1116 2160 1299 2198 videntur
1326 2161 1501 2200 homines
1519 2163 1559 2200 in
1580 2174 1624 2201 eo
1653 2175 1821 2214 peecare,
1850 2162 1953 2213 quod
1980 2163 2206 2204 nescientes,
2235 2163 2383 2201 bonum

120 2232 203 2258 esse
230 2222 405 2260 futurum
433 2225 591 2271 exitum,
627 2237 648 2261 a
683 2224 757 2261 diis
785 2224 833 2261 ad
861 2225 921 2261 ius
963 2223 1188 2260 violandum
1216 2224 1427 2261 incitantur
1453 2236 1498 2262 eo
1526 2226 1699 2274 consilio,
1727 2230 1768 2263 ut
1796 2225 1869 2263 sibi
1896 2226 2055 2275 prosint,
2090 2226 2176 2263 aliis
2204 2231 2380 2263 noceant.

119 2281 195 2320 Sed
222 2284 438 2322 cavendum
464 2289 533 2334 est,
560 2298 609 2324 ne
637 2286 677 2323 id
705 2286 754 2324 ad
781 2287 912 2324 vivum
934 2297 1150 2323 resecemus
1178 2297 1275 2324 neve
1303 2290 1494 2336 putemus,
1524 2288 1719 2326 hominem
1738 2288 1987 2326 Homericum
2016 2299 2060 2325 ea
2088 2293 2167 2326 tam
2186 2288 2381 2326 subtiliter

120 2345 358 2396 disseruisse,
387 2360 503 2397 quam
530 2348 789 2400 philosophos.
846 2349 946 2387 Nam
972 2349 1087 2386 homo
1106 2347 1339 2386 Homericus
1366 2353 1517 2388 tantum
1544 2351 1685 2401 aberat,
1713 2356 1755 2389 ut
1782 2350 2018 2388 voluntatem
2046 2354 2082 2389 et
2110 2355 2280 2389 mentem
2307 2363 2377 2402 per

117 2420 158 2446 30
186 2413 252 2447 aut
279 2410 421 2448 malam
454 2416 520 2450 aut
558 2412 700 2450 bonam
738 2424 822 2451 esse
865 2416 1026 2463 putaret,
1065 2416 1108 2450 ut
1135 2415 1268 2450 contra
1295 2424 1394 2462 quae
1433 2415 1599 2465 quisque
1637 2415 1821 2453 voluisset
1848 2427 1869 2452 a
1896 2414 2005 2452 factis
2045 2426 2125 2453 non
2152 2419 2378 2453 secerneret.

115 2471 253 2522 Neque
280 2474 383 2511 enim
410 2474 559 2513 homini
578 2476 797 2526 Homerico,
825 2480 868 2514 ut
895 2475 1024 2514 verbis
1045 2474 1239 2514 Ciceronis
1259 2478 1355 2525 utar,
1384 2478 1507 2516 virtus
1526 2490 1567 2516 se
1593 2480 1677 2528 ipsa
1695 2482 1873 2516 contenta
1891 2489 1975 2516 esse
1993 2478 2043 2515 ad
2062 2478 2161 2516 bene
2189 2478 2377 2529 beateque

113 2534 326 2581 viyendum
353 2536 437 2574 visa
464 2541 530 2575 est.
586 2537 670 2583 Qua
697 2550 738 2576 re
763 2538 831 2576 illa
850 2541 970 2576 aetate
988 2539 1030 2575 in
1057 2538 1188 2588 aliquo
1207 2549 1368 2577 numero
1397 2544 1488 2589 erat,
1517 2541 1693 2590 quisquis
1721 2540 1914 2590 praeclare
1940 2540 2058 2578 rebus
2084 2542 2203 2591 gestis
2231 2546 2381 2591 praeter

116 2600 262 2634 ceteros
288 2596 458 2637 florebat.
512 2601 637 2651 Atqui
663 2613 797 2639 eorum
814 2601 914 2639 facta
932 2601 1061 2638 cuncti
1079 2602 1259 2640 mortales
1284 2614 1438 2652 novere,
1466 2607 1509 2641 ut
1536 2604 1587 2641 ait
1615 2602 1830 2651 Sallustius,
1860 2602 1909 2650 ⁶⁶)
1939 2604 2008 2653 qui
2040 2616 2182 2655 magno
2218 2605 2378 2655 imperio

113 2659 277 2710 praediti
302 2660 344 2697 in
373 2662 525 2701 excelso
570 2667 733 2702 aetatem
760 2667 889 2714 agunt.
943 2663 1046 2714 Ergo
1076 2665 1144 2714 qui
1185 2665 1342 2704 demissi
1383 2666 1423 2703 in
1453 2666 1615 2704 obscuro
1643 2666 1761 2703 vitam
1802 2665 2007 2715 habebant,
2035 2679 2114 2704 non
2142 2672 2218 2705 tam
2248 2668 2378 2718 magni

113 2722 413 2761 aestimabantur
440 2724 487 2762 ab
515 2726 671 2764 homine
703 2726 910 2764 Homerico
940 2738 1057 2775 quam
1084 2727 1120 2764 ei
1146 2727 1450 2765 misericordiam
1477 2728 1777 2766 commovebant.
1832 2727 1909 2766 Sed
1943 2728 1991 2766 de
2015 2730 2089 2767 hoc
2121 2730 2233 2776 alias3
2273 2742 2379 2767 nunc

111 2785 227 2825 redeo
255 2785 304 2824 ad
332 2785 433 2825 deos.
488 2787 593 2834 Quos
620 2790 764 2828 iniuria
800 2801 881 2828 non
907 2789 1109 2840 abstinere,
1151 2802 1196 2830 eo
1223 2792 1316 2830 item
1357 2792 1648 2841 demonstratur,
1687 2792 1792 2843 quod
1819 2791 1997 2832 Minerva
2040 2807 2118 2832 non
2163 2793 2376 2843 dubitat,⁶⁶)

111 2848 249 2886 induta
274 2847 468 2899 Deiphobi
495 2853 633 2902 specie,
660 2853 868 2891 Hectorem
894 2852 1048 2901 fallere3
1086 2865 1201 2904 quem
1240 2866 1320 2893 non
1356 2855 1506 2905 putavit
1542 2867 1729 2893 ausurum
1756 2867 1841 2895 esse
1882 2868 1972 2895 cum
1999 2858 2154 2896 Achille
2182 2857 2374 2909 congredi,

110 2912 186 2949 nisi
214 2911 301 2949 dolo
342 2917 555 2952 commotus
583 2920 692 2965 esset,
735 2920 778 2954 ut
805 2915 1024 2965 confideret,
1064 2916 1139 2954 sibi
1166 2919 1355 2968 pugnanti
1382 2916 1626 2968 Deiphobum
1667 2919 1825 2957 fratrem
1870 2920 2094 2959 adfuturum
2123 2933 2216 2959 esse.
2272 2919 2373 2965 Quid

107 2974 221 3026 plura
249 2974 374 3013 dicam
403 2974 450 3014 de
477 2976 611 3016 fraude
631 2978 824 3018 deorum?
852 2978 969 3017 Brevi
995 2979 1237 3030 praecidam:
1265 2980 1319 3018 dii
1347 2981 1626 3020 controversias
1654 2981 1857 3021 hominum
1884 2995 1953 3034 per
1980 2996 2094 3023 omne
2121 2984 2177 3023 fas
2206 2989 2242 3022 et
2269 2982 2375 3021 nefas

2311 3068 2332 3101 2
