2519 3449
1234 193 1286 233 20

117 374 156 410 et
183 371 273 412 data
299 373 388 425 sint,
432 376 501 428 qui
527 379 687 428 paterno
715 376 883 429 hospitio
911 378 1108 425 coniuncti
1136 385 1229 421 sunt
1256 386 1411 434 sperant
1450 381 1531 421 fore
1559 385 1602 422 ut
1628 381 1700 421 filii
1727 385 1765 421 et
1792 386 1949 434 nepotes
1988 396 2011 423 a
2036 388 2192 436 patrum
2219 388 2390 429 amicitia

117 447 199 474 non
218 436 410 488 deficiant,
418 438 485 486 ¹²⁴)
502 439 570 477 sed
585 440 700 478 etiam
719 440 946 492 placamina,
967 442 1112 493 quibus
1131 445 1165 482 si
1183 448 1348 485 utuntur
1366 445 1577 494 confidunt,
1597 457 1687 484 cum
1705 446 1765 495 iis,
1794 446 1938 497 quibus
1957 447 2141 487 iniuriam
2157 448 2328 502 fecerint,
2347 452 2390 491 in

116 500 279 548 gratiam
300 513 342 538 se
360 502 552 539 redituros
567 514 660 540 esse.
668 502 737 548 ¹²⁸)
769 504 830 540 Ac
848 516 898 541 ne
914 505 1013 541 illud
1028 506 1187 554 quidem
1200 508 1352 545 silentio
1369 508 1691 558 praetereundum
1710 509 1874 557 videtur,
1894 510 1999 559 quod
2013 521 2082 560 per
2093 511 2226 549 dolum
2238 514 2388 564 ahquid

116 560 260 600 lucrari
275 575 354 602 11011
366 565 618 616 turpitudinis
634 578 719 605 esse
731 567 983 605 existimatur.
1022 566 1144 617 Mitto,
1165 570 1270 620 quod
1286 571 1514 620 Autolycus,
1535 584 1657 621 quum
1673 570 1809 609 docilis
1820 571 1955 610 fuisset
1973 572 2189 623 discipulus
2204 574 2387 615 Mercurii

117 625 305 678 magistri,
333 628 395 667 cui
422 629 563 680 gratias
591 630 711 670 sacris
738 628 924 669 faciendis
951 630 1198 683 persolverat,
1226 645 1304 673 non
1324 634 1468 673 veritus
1496 636 1564 684 est,
1591 634 1762 685 peierare
1781 635 1863 674 sive
1886 635 1938 674 ita
1956 635 2094 685 iurare,
2124 640 2167 676 ut
2185 637 2229 687 is,
2261 651 2379 690 quem

118 690 296 738 decipere
308 691 440 740 voluit,
461 693 564 742 quod
584 694 667 742 ipse
679 693 809 730 dedita
820 705 935 743 opera
946 705 996 731 ex
1008 694 1191 745 ambiguo
1212 697 1372 745 dixerat,
1391 697 1501 734 aliter
1511 708 1556 734 ac
1568 697 1714 735 dictum
1728 702 1818 747 erat,
1838 698 2110 749 acciperet.¹²⁰)
2146 698 2234 738 Hoc
2249 700 2388 751 dicam,

116 752 351 804 Penelopen,
373 767 495 804 quum
514 756 689 794 animum
707 756 940 804 induxisset,
969 756 1068 794 nulli
1087 770 1291 807 procorum
1311 759 1468 808 nubere,
1500 771 1579 797 non
1599 759 1838 799 dubitavisse
1864 762 1912 799 iis
1931 761 2173 811 persuadere,
2213 766 2256 801 111
2284 764 2386 802 dona

119 816 196 868 ipsi
216 816 360 867 darent,
391 817 535 869 quibus
564 818 663 858 datis
692 830 733 858 se
762 831 838 858 nor.
866 816 1022 870 longius
1048 820 1208 860 viduam
1226 834 1448 861 mansuram
1467 833 1560 870 esse,
1589 822 1658 861 sed
1678 835 1960 874 concessuram,
1988 828 2031 864 ut
2051 824 2098 864 ab
2118 836 2162 864 eo
2181 825 2223 864 in
2250 827 2381 865 matri-

118 880 294 917 monium
323 879 540 929 duceretur,
582 894 605 919 a
633 894 709 932 quo
728 883 1008 932 pretiosissima
1037 883 1139 922 dona
1167 884 1457 937 accepisset.¹²⁷)
1511 885 1559 923 Et
1589 897 1680 924 vero
1705 881 1848 924 ‘Ulixes
1887 887 1961 925 hoc
1988 888 2148 926 audiens
2183 888 2278 927 adeo
2306 901 2387 928 non

118 943 160 980 in
189 942 352 981 dubium
379 943 497 982 fidem
521 946 655 983 uxoris
683 947 849 995 vocavit,
879 950 922 985 ut
964 951 1098 985 contra
1135 949 1176 986 in
1212 950 1300 988 sinu
1334 949 1527 1001 gauderet,
1570 950 1674 1000 quod
1716 950 1910 1002 Penelope
1952 963 2021 1003 pro
2059 953 2198 991 astutia
2237 964 2374 1004 procos

116 1005 325 1045 ludificans
354 1006 552 1058 effecisset,
580 1012 623 1047 ut
652 1012 689 1047 et
717 1021 783 1047 eos
811 1009 908 1048 falsa
947 1022 1014 1061 spe
1057 1011 1248 1063 deciperet
1290 1016 1326 1051 et
1353 1025 1434 1051 rem
1461 1024 1571 1051 suam
1598 1017 1764 1064 augeret.
1818 1013 2015 1053 Erraverit
2055 1016 2183 1066 igitur,
2222 1017 2255 1054 si
2295 1017 2383 1067 quis

116 1071 306 1121 opinetur,
333 1070 531 1110 hominem
558 1070 811 1111 Homericum
843 1073 996 1112 divitias
1040 1076 1198 1113 omnino
1226 1087 1303 1113 non
1343 1076 1472 1126 magni
1511 1076 1739 1114 aestimasse.
1796 1074 1929 1121 Quid?
1986 1077 2135 1133 Ulixes⁷
2167 1077 2378 1128 Menelaus,

116 1133 186 1170 alii
213 1146 344 1171 nonne
371 1146 412 1171 se
441 1138 633 1172 ostentant
660 1136 701 1172 in
731 1136 886 1184 divitiis,
923 1149 1020 1186 quas
1048 1137 1151 1174 bello
1178 1138 1342 1175 Troiano
1372 1138 1541 1175 confecto
1570 1139 1702 1176 multis
1731 1138 1927 1176 laboribus
1956 1144 2057 1178 terra
2084 1142 2258 1191 marique
2295 1153 2383 1191 per-

110 1196 236 1235 functi
254 1197 474 1247 paraverint
487 1196 579 1244 PM)
615 1197 652 1236 N
655 1210 704 1236 011
725 1199 833 1250 proci
851 1210 896 1238 eo
915 1200 1085 1238 maxime
1104 1200 1295 1251 supplicio
1315 1200 1423 1252 digni
1443 1199 1642 1250 habentur,
1671 1201 1776 1252 quod
1796 1201 1925 1240 Ulixis
1955 1201 2113 1241 domum
2138 1203 2384 1242 nudaverunt

115 1263 152 1298 et
177 1260 513 1298 exinaniverunt?
568 1261 657 1300 Non
685 1274 707 1300 a
733 1263 908 1301 Troianis
936 1264 1077 1301 Achivi
1105 1264 1312 1314 postulant,
1357 1268 1399 1302 ut
1432 1268 1581 1314 praeter
1607 1264 1798 1303 Helenam
1838 1276 1927 1303 eum
1954 1266 2180 1304 thesaurum
2207 1266 2381 1316 reddant,

111 1334 190 1374 quo
218 1321 328 1361 Paris
356 1322 577 1362 Menelaum
616 1325 933 1375 privaverit?¹²⁹)
990 1325 1230 1377 Quamquam
1261 1327 1327 1365 ille
1355 1327 1558 1366 thesaurus
1601 1339 1673 1366 nec
1701 1332 1830 1366 tantus
1857 1328 1976 1367 fuisse
2003 1329 2167 1378 videtur,
2212 1334 2380 1380 quantus

106 1387 153 1435 is,
194 1387 261 1436 qui
288 1398 311 1423 a
337 1386 482 1424 vasallo
512 1386 702 1425 Guntheri
730 1388 770 1425 in
800 1388 979 1426 Rhenum
1007 1389 1206 1427 demersus
1234 1393 1301 1437 est,
1335 1393 1372 1427 et
1410 1401 1470 1427 res
1511 1391 1671 1428 minoris
1714 1391 1897 1428 momenti
1930 1392 1972 1429 in
2002 1391 2125 1429 Iliade
2164 1396 2221 1429 est
2251 1404 2370 1442 quam

112 1450 318 1487 thesaurus
346 1449 669 1500 Nibelungorum,
696 1455 828 1489 tamen
856 1452 962 1501 quod
990 1452 1201 1490 identidem
1221 1457 1552 1500 commemoratur,
1581 1453 1757 1500 ostendit,
1786 1454 1957 1492 Achivos
1986 1466 2075 1492 cum
2093 1454 2270 1492 Troianis
2299 1467 2380 1493 11011

111 1511 229 1550 1110ᾱο
258 1511 305 1550 de
332 1511 494 1561 Helena,
523 1512 591 1551 sed
619 1514 736 1552 etiam
764 1513 811 1552 de
840 1514 985 1552 divitiis
1014 1515 1229 1552 certavisse.

302 1585 496 1637 Sequitur,
524 1591 567 1625 ut
594 1587 854 1638 ostendamus,
893 1589 1109 1640 praeclaros
1138 1601 1160 1627 a
1187 1588 1398 1626 maioribus
1427 1589 1621 1640 accepisse
1662 1600 1788 1627 mores
1816 1589 2010 1628 hominem
2039 1589 2292 1630 Homericum
2332 1602 2377 1630 ac

108 1651 327 1700 patriorum
355 1652 621 1689 institutorum
649 1653 941 1690 tenacissimum
968 1652 1086 1690 fuisse
1112 1653 1211 1700 ideo,
1255 1653 1358 1702 quod
1387 1664 1431 1689 eo
1472 1653 1586 1690 modo
1627 1664 1719 1689 suae
1757 1654 2008 1702 omniumque
2035 1654 2150 1691 saluti
2178 1655 2379 1692 consulere

110 1711 187 1752 sibi
215 1712 422 1753 videretur.

300 1786 400 1826 Nam
429 1788 533 1839 quod
561 1799 713 1840 semper
740 1789 780 1826 in
823 1788 1017 1840 quandam
1046 1788 1241 1827 excultam
1283 1789 1402 1827 vitam
1441 1789 1641 1827 hominum
1669 1787 1781 1836 valet,
1822 1787 1862 1826 id
1890 1789 1972 1827 sine
2000 1788 2118 1828 dubio
2148 1788 2195 1828 de
2222 1789 2379 1829 homine

109 1851 321 1889 Homerico
349 1851 427 1889 dici
453 1855 588 1902 potest,
617 1856 655 1890 et
681 1852 806 1890 bonos
832 1864 959 1890 mores
986 1853 1028 1890 in
1055 1853 1256 1902 vulgarem
1299 1864 1412 1890 usum
1456 1851 1855 1901 consuetudinemque
1895 1853 1972 1889 iam
2016 1852 2165 1902 pridem
2198 1852 2377 1891 inductos

109 1926 195 1953 esse
222 1917 259 1952 et
288 1926 421 1952 omnes
449 1914 546 1953 nihil
575 1915 775 1966 antiquius
803 1914 997 1964 habuisse,
1040 1928 1157 1965 quam
1183 1919 1227 1954 ut
1254 1927 1367 1954 nemo
1407 1928 1428 1953 a
1469 1915 1602 1966 patriis
1632 1915 1819 1953 institutis
1856 1914 2043 1954 deficeret.
2098 1916 2231 1966 Atque
2257 1916 2372 1955 etiam

109 1988 155 2015 eo
184 1977 274 2028 plus
302 1989 428 2015 mores
455 1977 503 2015 ad
532 1979 649 2016 vitam
678 1982 716 2017 et
742 1979 933 2029 privatam
959 1983 996 2017 et
1023 1977 1219 2029 publicam
1247 1979 1351 2016 omni
1392 1990 1442 2017 ex
1469 1982 1577 2029 parte
1605 1977 1917 2016 conformandam
1946 1978 2137 2027 valebant,
2182 1978 2288 2028 quod
2315 1978 2376 2017 illi

111 2041 290 2078 homines
318 2052 398 2077 11011
425 2040 619 2078 habebant
644 2041 750 2091 leges
769 2042 932 2091 scriptas
951 2042 1014 2090 ita,
1043 2045 1085 2078 ut
1112 2053 1192 2078 non
1210 2041 1324 2079 modo
1345 2053 1400 2089 ea,
1429 2052 1529 2091 quae
1547 2052 1616 2091 per
1634 2040 1739 2090 leges
1757 2041 1903 2077 incerta
1921 2041 1983 2078 vel
2014 2040 2133 2078 dubia
2160 2044 2374 2091 manerent,

108 2103 284 2143 moribus
314 2103 573 2153 explerentur,
601 2104 669 2142 sed
687 2109 732 2142 ut
760 2105 918 2142 omnino
947 2117 1073 2142 mores
1092 2105 1222 2154 legum
1242 2104 1327 2142 loco
1355 2104 1599 2142 haberentur.
1653 2102 1736 2141 Nec
1765 2115 1856 2141 vero
1875 2105 1929 2141 ita
1958 2104 2060 2141 servi
2088 2109 2197 2141 erant
2223 2116 2378 2142 morum

107 2167 285 2205 homines
312 2165 523 2216 Homerici,
549 2170 593 2205 ut
612 2167 717 2218 quod
736 2166 809 2205 sibi
831 2167 997 2218 quisque
1018 2166 1278 2218 expetendum
1297 2170 1458 2218 putaret,
1489 2166 1698 2218 quominus
1718 2169 1936 2215 sectaretur,
1964 2165 2138 2204 moribus
2158 2178 2181 2204 a
2199 2166 2375 2218 patribus

106 2231 275 2279 acceptis
303 2241 345 2266 se
372 2230 551 2279 impediri
578 2234 781 2279 pateretur.
838 2230 963 2267 Immo
991 2241 1118 2267 mores
1147 2231 1219 2279 ipsi
1260 2234 1368 2267 erant
1395 2231 1434 2278 ii,
1477 2234 1519 2266 ut
1561 2229 1836 2278 cupiditatibus
1875 2229 2079 2280 explendis
2121 2230 2230 2268 locus
2274 2234 2375 2268 esset

105 2293 274 2333 relictus.
330 2291 435 2339 Quid
453 2292 587 2331 enim?
641 2292 748 2332 Num
774 2292 934 2332 infamia
960 2291 1148 2344 flagravit,
1184 2293 1252 2344 qui
1292 2297 1357 2331 aut
1394 2293 1598 2331 inimicum
1639 2304 1710 2330 sua
1749 2304 1868 2331 manu
1894 2291 2159 2340 ceciderat¹³⁰)
2188 2297 2254 2332 aut
2280 2294 2373 2346 ipse.

104 2368 249 2409 poenas
267 2357 381 2395 amici
400 2356 463 2395 vel
481 2357 691 2408 propinqui
707 2356 898 2395 interfecti
916 2359 1142 2408 persecutus
1158 2355 1341 2404 eratP¹³¹)
1396 2355 1557 2394 Minime
1581 2354 1719 2393 hercle.
1775 2354 1907 2401 Quid?
1942 2355 2047 2407 quod
2066 2367 2115 2395 ne
2134 2356 2370 2396 adulterium

108 2421 267 2472 quidem
293 2424 372 2459 tam
398 2422 648 2459 inhonestum
675 2425 742 2460 aut
768 2426 881 2472 turpe
899 2432 984 2459 esse
1003 2420 1286 2469 existimabant,
1314 2424 1358 2458 ut
1384 2432 1464 2458 non
1483 2420 1555 2457 hac
1573 2420 1614 2456 in
1633 2429 1675 2456 re
1694 2420 1943 2458 excusatione
1971 2420 2181 2458 voluntatis
2211 2420 2373 2459 deorum

108 2483 342 2522 uterentur?
397 2481 506 2529 Quae
532 2483 653 2534 igitur
679 2483 854 2523 moribus
881 2482 1093 2535 improbari
1119 2482 1362 2532 videbantur,
1402 2481 1541 2520 iisdem
1569 2480 1743 2520 moribus
1785 2485 2066 2533 nonnunquam
2095 2482 2363 2534 purgabantur

105 2546 244 2597 Neque
272 2547 376 2585 enim
403 2547 580 2585 omnium
608 2547 811 2585 hominum
838 2550 905 2585 aut
932 2546 1214 2597 proclivitatem
1242 2546 1291 2584 ad
1319 2549 1447 2584 motus
1475 2543 1860 2596 perturbationesque
1890 2546 2011 2583 animi
2039 2550 2105 2584 aut
2144 2546 2371 2585 facilitatem

106 2612 148 2648 in
177 2610 456 2660 cupiditatibus
483 2611 707 2648 coercendis
733 2623 865 2661 parem
892 2621 977 2648 esse
1004 2610 1066 2647 vel
1085 2614 1224 2647 natura
1241 2610 1304 2647 vel
1322 2613 1478 2659 propter
1505 2607 1665 2644 vivendi
1684 2608 1943 2646 conditionem
1963 2609 2189 2647 sentiebant.
2245 2609 2372 2654 Quare

107 2684 231 2724 quum
258 2672 461 2711 hominum
488 2673 597 2712 illius
625 2674 758 2712 aetatis
778 2674 932 2712 animus
950 2671 1135 2710 fervidior
1161 2675 1272 2721 esset,
1300 2683 1418 2723 quam
1437 2674 1481 2709 ut
1495 2669 1708 2722 appetitum
1725 2670 1863 2709 rationi
1892 2670 2159 2710 oboedientem
2188 2671 2372 2723 praebere

105 2739 276 2788 possent,
318 2737 367 2775 iis
394 2740 432 2775 et
457 2736 612 2775 facilius
639 2740 840 2788 peccatum
867 2735 1160 2775 condonabatur
1201 2738 1238 2773 et
1279 2734 1575 2782 concedebatur,
1615 2736 1659 2770 ut
1698 2733 1840 2772 iniuria
1877 2734 2003 2773 affecti
2042 2735 2118 2785 ipsi
2159 2735 2221 2773 ius
2255 2746 2372 2773 suum

103 2803 439 2850 persequerentur.
494 2800 634 2850 Neque
652 2800 771 2850 igitur
788 2799 904 2837 modo
932 2799 1060 2837 caedis
1078 2798 1200 2836 factae
1219 2810 1366 2849 poenae
1385 2799 1433 2836 iis
1457 2795 1686 2847 repetendae
1704 2800 1823 2846 erant,
1843 2809 2008 2848 quorum
2028 2797 2163 2836 affines
2181 2798 2372 2836 interfecti

105 2861 289 2910 erant¹³¹)
316 2862 386 2900 sed
409 2864 525 2901 etiam
553 2863 622 2913 qui
650 2862 807 2900 caedem
833 2862 1013 2911 fecerant,
1042 2862 1092 2899 iis
1119 2872 1189 2912 pro
1209 2861 1326 2899 caede
1343 2861 1444 2898 facta
1470 2859 1638 2910 pretium
1664 2858 1813 2897 solvere
1841 2858 2065 2909 licebat,¹⁸²)
2095 2863 2133 2899 et
2155 2860 2223 2911 qui
2249 2859 2370 2898 alicui

105 2926 291 2964 iniuriam
317 2926 538 2975 intulerant,
567 2937 653 2964 eam
682 2925 783 2964 dono
811 2926 954 2964 sarcire
980 2928 1166 2975 poterant.

296 2986 373 3027 Sed
401 2989 587 3039 quoniam
612 2987 708 3028 boni
735 2998 861 3028 mores
888 2989 1107 3028 cernuntur
1131 2987 1173 3025 in
1200 2995 1341 3038 genere
1365 2985 1536 3024 humano
1577 2983 1841 3024 conservando
1868 2983 1988 3036 idque
2020 2987 2150 3024 autem
2175 2983 2260 3024 fieri
2288 2995 2366 3025 non
2408 2983 2410 2986 ’

103 3053 241 3103 potest,
281 3051 358 3091 nisi
402 3051 469 3103 qui
510 3052 703 3104 appetitus
744 3054 803 3091 est
845 3050 1130 3090 coniunctionis
1172 3047 1403 3101 procreandi
1442 3059 1559 3086 causa
1585 3046 1761 3086 omnium
1788 3047 2045 3087 animantium
2072 3048 2300 3098 communis,
2326 3048 2367 3087 in
