2519 3449
1225 158 1274 196 14

116 356 251 383 rerum
279 345 608 397 cognitionem.⁷⁸)
661 346 744 385 Nec
770 357 862 385 vero
897 347 976 385 scio
1013 358 1063 384 an
1101 350 1204 385 recte
1244 347 1404 398 dicatur,
1444 361 1561 399 quam
1601 348 1822 387 facultatem
1862 349 1982 387 animi
2019 350 2131 389 Plato
2169 352 2385 391 secundum

115 411 289 447 mentem
315 410 358 448 in
395 411 519 462 capite
545 410 766 462 ponendam
804 413 841 449 et
867 410 1070 462 cupiditati
1109 411 1150 448 111
1190 415 1323 450 ventre
1350 411 1539 451 habitanti
1567 411 1853 451 anteferendam
1889 414 2035 464 pectori
2073 415 2259 466 attribuit,
2297 427 2383 455 eam

114 473 222 524 apud
247 472 468 512 Homerum
494 474 661 513 mediam
690 486 775 512 esse
801 475 943 512 mentis
978 478 1015 512 et
1048 474 1272 525 cupiditatis
1299 477 1362 524 ita,
1390 479 1434 513 ut
1469 486 1563 525 θυμῷ
1593 479 1670 514 tres
1706 488 1839 515 omnes
1872 476 2073 516 facultates
2105 480 2225 517 animi
2260 481 2382 518 conti-

112 540 284 576 neantur
311 541 428 589 atque
455 539 497 576 in
524 550 647 576 unum
677 537 863 588 quiddam
892 537 1190 577 confundantur.
1249 538 1374 585 Quare
1408 540 1441 577 si
1470 539 1684 589 quidquam
1716 543 1774 579 est
1808 541 1849 578 in
1877 541 2046 586 homine,
2083 543 2187 592 quod
2213 544 2380 594 simplex

114 601 167 640 sit
194 612 324 653 neque
350 601 491 640 habeat
516 602 558 639 in
586 612 626 640 se
656 600 871 652 quidquam
899 601 1119 640 admixtum
1149 601 1280 654 dispar
1305 603 1366 641 sui
1385 606 1499 654 atque
1528 602 1725 653 dissimile,
1758 603 1799 642 id
1834 603 1883 642 ad
1914 611 2014 654 θυμόν
2036 606 2297 646 revocandum
2324 607 2382 645 vi-

115 665 263 704 deatur.
319 665 402 704 Nec
429 669 556 703 tamen
583 669 738 716 propter
756 665 857 703 hanc
876 666 1160 716 simplicitatem
1189 671 1246 705 est
1272 668 1423 705 animus
1450 664 1652 716 eiusmodi,
1679 671 1724 705 ut
1750 679 1830 705 non
1856 669 1978 718 possit
2004 669 2179 717 interire,
2208 683 2310 720 nam,
2337 674 2382 709 ut

115 741 237 778 supra
265 728 569 766 demonstratum
608 732 675 776 est,
718 729 751 766 si
780 729 868 778 quis
895 732 1074 767 mortuus
1114 733 1181 775 931,
1221 742 1312 768 33119
1349 742 1428 767 11011
1456 731 1534 767 13111
1567 739 1660 778 θυμῷ
1699 733 1857 767 ornatus
1886 734 1923 767 et
1961 731 2174 769 instructus
2215 736 2380 782 putat1n·.

111 792 286 830 Animus
312 791 442 842 igitur,
470 791 546 829 nisi
575 791 699 842 capiat
726 802 885 830 sensum
914 794 981 831 aut
1008 791 1218 843 voluptatis
1246 796 1312 831 aut
1340 792 1494 837 doloris,
1527 792 1602 830 nisi
1627 792 1675 830 iis
1704 791 1867 843 aliisque
1895 792 2161 833 affectionibus
2188 794 2380 846 incitetur,

110 856 190 893 nisi
217 856 272 892 ira
302 854 532 903 stimuletur,
571 855 648 892 nisi
677 854 765 892 odio
792 854 1067 904 inflammetur,
1105 856 1181 893 nisi
1220 867 1349 893 amore
1384 855 1624 903 incendatur,
1664 855 1739 892 nisi
1769 856 1978 906 cupiditate
2005 857 2172 906 potionis
2209 862 2276 896 aut
2303 859 2380 896 cibi

109 923 411 966 commoveatur,
438 922 482 955 ut
509 918 659 968 aliquid
689 922 755 956 aut
784 923 938 969 appetat
966 924 1033 957 aut
1061 919 1238 966 declinet,
1268 919 1460 968 quomodo
1487 930 1571 956 esse
1598 919 1728 967 1103311,
1756 919 1872 957 1101110
1898 919 2130 957 Homericus
2157 921 2381 972 intellegere

109 985 176 1020 aut
203 985 331 1019 mente
360 992 496 1032 capere
523 981 669 1032 nequit.
725 982 778 1020 At
806 993 899 1020 vero
938 982 1041 1020 idem
1081 982 1245 1025 3111111113,
1286 982 1463 1033 quamvis
1501 981 1549 1018 sit
1586 980 1627 1018 in
1667 992 1825 1032 corpore
1863 985 1900 1019 et
1940 982 2097 1020 omnino
2135 982 2268 1021 nullus
2296 995 2379 1023 esse

108 1047 230 1096 possit
258 1046 334 1082 nisi
374 1046 413 1081 in
455 1057 624 1095 corpore,
665 1047 809 1095 optime
843 1046 1047 1096 distinguit
1085 1058 1176 1083 vera
1211 1059 1233 1083 a
1260 1046 1379 1094 falsis,
1418 1045 1518 1082 bona
1551 1058 1572 1082 a
1606 1045 1727 1093 malis,
1764 1046 1946 1082 1111111911]
1985 1058 2006 1083 3
2034 1046 2274 1096 turpitudine
2308 1060 2380 1085 nec

107 1112 231 1160 potest
258 1108 394 1157 facere,
424 1109 517 1158 quin
547 1109 596 1147 iis
622 1108 752 1158 rebus,
782 1121 880 1159 quae
909 1109 956 1147 ab
987 1110 1129 1160 optimo
1160 1121 1317 1159 quoque
1344 1109 1384 1146 in
1413 1109 1582 1146 maximo
1609 1107 1824 1146 habeantur
1854 1108 2007 1149 honore.
2043 1113 2193 1147 tantum
2222 1109 2377 1160 tribuat,

107 1176 299 1224 quantum
326 1171 498 1210 tribuere
526 1184 605 1210 non
634 1177 775 1223 posset,
818 1173 851 1210 si
886 1172 1006 1210 libido
1043 1172 1315 1210 dominaretur.
1372 1171 1467 1217 Quis
1496 1171 1635 1221 negat?
1691 1170 1765 1209 Sed
1794 1172 1917 1209 virtus
1946 1171 2134 1222 voluptati
2166 1177 2232 1210 aut
2259 1174 2378 1211 animi

105 1235 465 1286 perturbationibus
492 1248 572 1272 non
600 1236 822 1273 succumbit
854 1236 952 1283 ideo,
989 1236 1092 1285 quod
1126 1237 1233 1285 peior
1260 1241 1326 1272 aut
1355 1235 1521 1272 deterior
1555 1235 1712 1272 affectus
1745 1234 1895 1272 meliori
1929 1235 2030 1272 cedit
2064 1247 2191 1285 neque
2220 1236 2377 1274 affectus

105 1299 212 1336 vinci
239 1302 365 1348 potest
405 1299 482 1336 nisi
510 1298 661 1346 affectu,
702 1298 808 1336 unde
848 1297 1152 1348 intellegendum
1179 1301 1246 1346 931,
1286 1306 1380 1346 sugit}
1401 1297 1496 1342 fieri,
1539 1298 1569 1334 si
1598 1308 1716 1347 penes
1752 1309 1866 1347 quem
1896 1301 1953 1335 est
1980 1297 2184 1335 arbitrium
2211 1298 2376 1337 alicuius

104 1362 170 1399 rei.
226 1360 420 1410 Exempla
453 1362 609 1410 copiose
637 1361 819 1411 colligere
847 1373 1016 1411 possum,
1045 1361 1112 1398 sed
1146 1372 1197 1398 ex
1224 1360 1376 1397 infinita
1405 1361 1515 1410 copia
1542 1373 1665 1397 unum
1693 1360 1826 1397 afferre
1853 1360 1987 1410 placet.
2043 1360 2240 1408 Hector⁷⁹)
2270 1362 2376 1400 solus

104 1428 217 1462 extra
243 1435 389 1471 muros,
425 1435 548 1473 quum
574 1422 731 1461 Troiani
760 1424 875 1461 ceteri
903 1423 1038 1461 timore
1056 1423 1297 1460 Achivorum
1327 1423 1507 1460 commoti
1537 1434 1577 1460 se
1604 1423 1706 1460 intra
1730 1423 1970 1460 munimenta
1997 1424 2243 1473 recepissent,
2272 1436 2375 1462 com-

102 1485 349 1532 morabatur;
393 1486 457 1522 cui
487 1497 610 1535 quum
638 1490 816 1535 parentes
843 1497 921 1523 non
950 1486 1165 1535 potuissent
1198 1484 1441 1534 persuadere,
1485 1490 1526 1521 ut
1555 1496 1595 1521 se
1624 1489 1803 1532 servaret,
1832 1485 1968 1522 maluit
1995 1496 2083 1522 cum
2113 1485 2250 1523 decore
2277 1487 2375 1524 mori

104 1562 223 1599 quam
252 1549 417 1598 turpiter
445 1548 587 1586 vivere.
642 1548 724 1586 Nec
751 1560 842 1586 vero
870 1549 943 1586 hoc
971 1548 1176 1586 consilium
1206 1545 1316 1597 cepit,
1357 1548 1586 1597 priusquam
1614 1548 1670 1585 310
1703 1560 1791 1585 011111
1825 1549 1953 1586 31111110
1993 1553 2179 1586 statutum
2207 1561 2251 1587 30
2279 1549 2374 1587 (1911-

103 1610 281 1649 beratum
309 1610 518 1648 habuisset.
574 1610 712 1661 Neque
746 1611 850 1648 enim
890 1610 1112 1648 recordatus
1142 1610 1189 1648 de
1216 1609 1429 1658 Polydama
1469 1621 1559 1648 eum
1588 1611 1870 1660 necquicquam
1899 1611 2146 1659 admonente,
2188 1615 2230 1649 ut
2257 1611 2372 1649 saluti

101 1685 265 1711 suorum
293 1677 477 1724 parceret,
507 1673 666 1711 domum
693 1673 819 1711 redire
846 1673 970 1711 voluit
998 1677 1034 1711 et
1063 1677 1150 1711 ante
1179 1678 1308 1723 portas
1335 1683 1491 1709 manere
1519 1684 1563 1709 ac
1586 1683 1675 1709 cum
1694 1672 1848 1710 Achille
1866 1673 1907 1710 in
1927 1680 2118 1711 certamen
2140 1674 2372 1712 descendere

103 1737 309 1786 dubitavit,
360 1738 428 1787 qui
467 1749 516 1774 ne
554 1742 649 1774 tunc
687 1737 836 1774 nullam
873 1738 978 1787 pacis
1018 1737 1279 1774 conditionem
1321 1737 1509 1786 acciperet
1547 1737 1686 1773 timuit.
1753 1735 1827 1774 Sed
1869 1737 2047 1786 quamvis
2089 1737 2157 1775 diu
2190 1737 2374 1788 penderet

100 1800 231 1838 animo
260 1811 304 1838 30
333 1799 478 1838 dubius
506 1803 617 1848 esset,
646 1799 741 1850 quid
767 1799 919 1848 faceret,
946 1800 1112 1848 tandem,
1141 1804 1184 1838 ut
1204 1803 1285 1837 erat
1311 1800 1443 1850 magni
1471 1799 1601 1848 animi,
1631 1798 1776 1836 Achilli
1804 1798 1952 1837 fortiter
1972 1798 2124 1837 01111311]
2144 1800 2215 1838 ivit
2240 1800 2370 1851 idque,

98 1867 310 1913 antequam
337 1875 360 1901 a
387 1863 566 1901 Minerva
606 1863 734 1901 fallaci
762 1875 830 1913 spe
872 1864 1009 1901 auxilii
1036 1863 1220 1901 inductus
1249 1866 1358 1900 esset.
1414 1862 1550 1912 Neque
1589 1862 1693 1899 enim
1720 1863 1753 1899 13
1794 1866 1851 1899 931
1891 1863 1951 1900 111·
1978 1862 2097 1911 fortis,
2136 1864 2203 1913 qui
2237 1864 2369 1910 nescit,

98 1930 291 1977 quantum
318 1927 360 1963 in
389 1926 598 1964 discrimen
625 1927 745 1964 1113111
772 1930 895 1975 10091,
923 1927 990 1964 sed
1017 1927 1062 1974 is,
1092 1927 1159 1977 qui
1186 1926 1370 1976 periculis
1398 1938 1476 1963 non
1496 1926 1692 1973 retinetur,
1723 1926 1818 1975 quin
1846 1938 1914 1976 pro
1941 1926 2064 1964 salute
2090 1927 2236 1976 11311139
2255 1929 2370 1976 0311111

96 2002 214 2028 31111111
241 1992 390 2028 voveat.
445 1988 503 2028 Ea
531 1989 688 2028 demum
708 1992 766 2028 est
783 1989 1014 2039 humanitas,
1043 1990 1155 2028 cuius
1173 1988 1373 2037 Hectores,
1392 1989 1544 2038 Aiaces,
1572 1987 1748 2037 Menelai,
1777 1988 1842 2026 alii
1860 2000 1939 2027 non
1959 1988 2046 2027 ideo
2067 1993 2158 2028 sunt
2178 1993 2366 2041 expertes,

95 2054 203 2104 quod
230 2054 409 2091 lacrimas
437 2066 722 2103 nonnunquam
750 2057 881 2091 tenere
909 2066 987 2091 non
1006 2053 1232 2103 possunt.⁸⁰)
1287 2052 1374 2097 Sed,
1403 2056 1445 2090 ut
1473 2052 1519 2089 ad
1540 2053 1780 2102 propositum
1806 2053 1938 2090 redeat
1958 2054 2089 2102 oratio,
2116 2054 2366 2103 perspicuum

95 2121 172 2166 est,
215 2117 330 2156 homo
359 2116 592 2155 Homericus
628 2117 722 2168 quid
752 2116 800 2155 de
828 2117 957 2154 animo
985 2116 1213 2155 iudicaverit
1240 2129 1319 2155 non
1348 2117 1401 2154 ita
1428 2115 1541 2153 valde
1570 2115 1786 2166 discrepare
1814 2115 1862 2154 ab
1892 2117 2072 2167 opinione
2101 2128 2253 2165 eorum,
2300 2116 2367 2167 qui

93 2180 167 2218 hac
186 2180 234 2218 de
262 2192 303 2218 re
322 2192 403 2218 non
422 2180 617 2218 subtiliter
635 2192 708 2218 nec
726 2181 804 2218 ritu
823 2180 1143 2230 philosophorum
1163 2180 1469 2229 disputaverunt.
1519 2178 1635 2216 Brevi
1656 2179 1775 2228 igitur
1792 2179 2029 2229 praecidam:
2060 2180 2212 2217 animus
2233 2191 2366 2229 quam-

93 2245 153 2282 113
191 2245 276 2282 31119
315 2256 475 2294 corpore
513 2244 611 2282 nihil
639 2244 766 2282 valeat
802 2248 839 2282 et
868 2244 974 2281 omni
1002 2248 1131 2281 careat
1158 2243 1308 2293 vigore,
1351 2247 1479 2280 tamen
1508 2254 1530 2279 a
1571 2254 1728 2292 corpore
1771 2246 1828 2280 est
1870 2242 2046 2281 diversus
2089 2250 2205 2293 atque
2238 2243 2365 2293 homo,

93 2307 200 2357 quod
228 2308 421 2345 animatus
449 2311 516 2356 est,
543 2307 716 2345 indolem
743 2307 791 2345 ad
818 2307 1002 2344 virtutem
1030 2312 1067 2344 et
1095 2318 1228 2344 omnes
1254 2306 1401 2356 ingenii
1429 2304 1630 2342 facultates
1658 2304 1782 2343 habet.

282 2392 473 2442 Exposita
500 2392 620 2442 igitur
646 2393 766 2429 animi
793 2395 933 2429 natura
961 2403 1005 2429 ac
1032 2391 1071 2428 11
1101 2390 1282 2440 (1911109113
1311 2388 1656 2427 demonstrandum
1684 2393 1751 2437 est,
1778 2389 1975 2427 hominem
1993 2389 2246 2427 Homericum
2274 2401 2364 2427 eum

90 2454 223 2503 fuisse,
252 2455 318 2505 qui
348 2454 537 2504 crederet,
569 2466 662 2493 suae
691 2467 886 2506 quemque
919 2455 1096 2493 fortunae
1131 2453 1283 2492 fabrum
1311 2465 1405 2491 esse.
1461 2452 1593 2502 Atque
1627 2452 1701 2490 hoc
1729 2452 1886 2503 quidem
1919 2464 1998 2490 non
2034 2452 2165 2490 minus
2193 2452 2295 2491 valet
2320 2453 2363 2490 in

91 2528 170 2567 eos,
216 2519 284 2568 qui
319 2518 362 2555 in
400 2518 597 2569 praeclare
634 2518 752 2557 rebus
790 2519 909 2570 gestis
948 2518 1091 2569 optime
1136 2517 1266 2554 meriti
1303 2519 1405 2564 sunt,
1446 2527 1564 2565 quam
1608 2515 1648 2552 in
1688 2526 1763 2564 eos,
1803 2516 1870 2566 qui
1909 2516 2062 2566 culpam
2101 2515 2267 2554 alicuius
2305 2516 2362 2554 rei

89 2584 377 2622 contraxerunt.
444 2581 654 2621 Facultatis
693 2583 814 2634 igitur
847 2582 969 2621 libere
1007 2581 1153 2633 aliquid
1197 2580 1337 2631 agendi
1379 2592 1458 2618 non
1502 2582 1700 2629 expertem
1740 2591 1780 2618 se
1822 2591 1916 2629 esse,
1958 2580 2072 2618 homo
2114 2578 2360 2629 Homericus,

87 2645 122 2683 si
163 2657 241 2683 non
284 2646 441 2684 nomine
482 2646 644 2696 putavit,
693 2649 731 2684 at
770 2649 873 2685 certe
914 2657 956 2684 re
995 2644 1164 2684 ostendit
1203 2655 1331 2695 neque
1368 2643 1490 2694 igitur
1531 2642 1627 2692 quin
1664 2642 1718 2680 ita
1755 2646 1855 2681 esset
1895 2655 2071 2694 unquam
2108 2643 2151 2680 in
2195 2641 2359 2681 dubium

85 2708 251 2746 vocavit.
307 2707 450 2746 Omnes
488 2709 593 2746 enim
632 2709 808 2747 homines
847 2721 870 2747 a
895 2708 972 2746 fato
1008 2709 1151 2758 pariter
1188 2707 1370 2758 pendent,
1409 2706 1477 2744 sed
1517 2717 1638 2755 quum
1675 2706 1833 2756 plurimi
1871 2706 2099 2743 necessitate
2139 2706 2202 2744 vel
2241 2706 2356 2744 1111111
2392 2700 2394 2702 ’

85 2774 287 2822 cogantur,
332 2770 440 2809 fortis
480 2772 542 2809 vir
582 2775 619 2810 et
661 2773 773 2811 cuius
811 2773 965 2810 animus
1007 2771 1082 2809 sibi
1122 2775 1302 2809 constans
1345 2773 1382 2808 et
1423 2769 1559 2807 firmus
1591 2769 1650 2817 sit,
1695 2781 1718 2806 a
1756 2768 1834 2806 fato
1876 2768 2027 2817 ductus,
2070 2780 2111 2807 se
2152 2769 2204 2806 ita
2246 2769 2357 2820 gerit,

83 2846 157 2873 sua
200 2836 338 2885 sponte
384 2837 426 2872 ut
473 2846 587 2873 omne
633 2846 758 2886 genus
802 2835 982 2874 laborum
1024 2834 1366 2885 periculorumque
1415 2832 1552 2871 subeat
1600 2842 1644 2869 ac
1688 2843 1738 2869 ne
1782 2834 1945 2870 mortem
1986 2831 2144 2881 quidem
2190 2832 2355 2881 horreat,

82 2896 296 2935 dummodo
326 2908 425 2946 quae
458 2898 537 2935 1113
574 2897 699 2948 11111113
737 2900 816 2937 31111
857 2902 993 2937 servet.
1048 2897 1188 2936 Nonne
1229 2897 1349 2947 igitur
1375 2894 1567 2934 Hercules
1608 2892 1898 2945 Sophocleus⁸¹)
1927 2895 2120 2932 cruciatus
2155 2894 2354 2932 doloribus
2399 2936 2412 2950 l

80 2960 255 3011 corporis
283 2971 304 2997 e
320 2958 436 2997 Nessi
462 2964 653 2999 venenato
680 2962 910 3000 vestimento
939 2961 1072 3011 captis,
1102 2972 1225 3011 quum
1252 2971 1351 3010 opus
1379 2970 1496 2997 suum
1525 2958 1701 3008 quamvis
1719 2957 1891 2996 terribile
1909 2960 2108 3008 tamquam
2127 2961 2354 3008 exoptatum

79 3026 119 3061 et
144 3022 313 3061 laetitiae
340 3022 500 3073 plenum
528 3023 711 3074 perficere
734 3024 861 3073 vellet,
888 3024 1010 3062 fatum
1029 3023 1228 3061 voluntate
1256 3022 1376 3060 vicit?
1431 3020 1521 3059 Non
1548 3020 1641 3058 item
1668 3018 1895 3067 Achilles⁸²)
1923 3020 2171 3058 immaturam
2189 3022 2355 3057 mortem
