2519 3449
1219 214 1266 253 21

109 401 356 453 disciplinam
382 403 555 454 coniugii
581 401 781 453 redigitur,
808 414 860 441 ex
888 415 966 454 quo
994 404 1120 442 omnis
1148 404 1286 443 caritas
1313 403 1457 454 patriae
1485 413 1724 451 suorumque
1750 401 1804 439 ita
1830 399 2099 451 proficiscitur,
2136 402 2180 437 ut
2206 398 2247 437 id
2274 401 2374 437 tam-

109 476 229 516 quam
255 466 507 506 seminarium
546 467 585 504 et
610 464 846 516 principium
874 465 1049 505 omnium
1074 466 1312 516 societatum,
1350 465 1525 505 omnium
1553 464 1809 503 amicitiarum
1851 466 1968 514 atque
1994 462 2110 501 etiam
2136 461 2373 513 reipublicae

109 526 332 565 habendum
358 529 418 578 sit,
444 538 490 566 eo
517 527 689 565 maxime
715 530 881 578 apparet,
908 527 957 565 ab
975 528 1132 567 homine
1149 528 1358 567 Homerico
1385 527 1435 565 ad
1461 527 1621 565 honeste
1639 525 1798 564 vivendi
1823 526 2012 564 rationem
2030 527 2258 576 perventum
2276 534 2372 574 esse,

111 589 217 640 quod
242 590 290 628 ab
317 602 362 629 eo
390 591 486 629 casti
512 593 551 627 et
577 589 726 628 stabilis
754 590 940 628 connubii
967 593 1150 630 sanctitas
1176 592 1245 630 illa
1273 591 1430 642 quidem
1456 591 1633 628 nondum
1660 590 1757 627 iuris
1777 590 2002 627 auctoritate
2029 587 2254 626 confirmata
2279 590 2372 636 erat,

109 651 188 691 sed·
204 665 284 692 11011
304 654 417 693 1110110
435 653 603 703 1101111110,
631 665 767 709 verum
785 655 902 693 etiam
920 666 961 693 re
979 654 1261 705 agnoscebatur
1286 667 1359 694 nec
1379 654 1592 705 quidquam
1609 653 1861 705 prosperitate
1879 657 1917 691 et
1935 651 2143 691 concordia
2161 652 2370 701 coniugum

108 715 224 754 laude
251 716 407 768 dignius
434 727 519 755 esse
537 715 914 764 existimabam.²³³)
970 716 1045 763 Qui
1071 718 1192 768 igitur
1219 717 1364 767 dicunt,
1392 716 1489 755 nihil
1508 728 1602 766 esse,
1630 714 1736 766 quod
1762 715 1886 766 magis
1906 714 2107 765 displiceat
2134 724 2250 764 quam
2271 723 2370 764 quae

107 778 150 815 in
177 778 298 817 Iliade
326 778 558 817 describitur
583 780 671 817 rixa
689 780 862 817 virorum
887 780 1187 819 fortissimorum
1214 784 1297 818 orta
1322 781 1390 818 illa
1409 779 1566 830 quidem
1585 791 1636 817 ex
1664 790 1794 816 amore
1811 779 2034 828 turpissimo
2066 777 2368 827 Agamemnonis

108 853 199 892 erga
226 840 448 892 Chryseida,
475 841 642 881 Achillis
669 854 760 893 erga
787 842 973 893 Briseida,
1000 845 1029 882 ii
1056 844 1265 895 malignius
1283 848 1321 882 et
1345 843 1558 894 simplicius
1587 855 1705 893 quam
1724 842 1854 880 verius
1874 845 1911 879 et
1928 840 2169 891 ingeniosius
2197 839 2370 878 iudicare

107 905 204 944 mihi
230 905 421 944 videntur.
474 903 582 943 Licet
608 906 710 944 enim
738 906 767 944 ii
793 906 980 957 homines,
1009 908 1077 958 qui
1094 907 1245 946 Troiam
1275 906 1423 946 decimo
1451 918 1552 945 anno
1580 904 1866 957 oppugnabant,
1896 915 2018 955 quum
2044 906 2201 954 propter
2227 902 2369 941 multas

107 980 180 1019 res,
207 972 291 1008 tum
317 972 472 1020 propter
497 967 645 1008 bellum
671 970 811 1020 ipsum,
841 969 945 1021 quod
973 981 1051 1009 non
1079 970 1163 1009 sine
1191 970 1322 1021 aliqua
1347 970 1584 1008 immanitate
1610 969 1692 1020 geri
1719 968 1855 1020 potuit,
1890 979 1969 1006 non
1997 970 2103 1005 tanta
2131 966 2368 1005 humanitate

107 1032 247 1070 imbuti
275 1033 362 1081 sint,
391 1036 536 1082 quanta
562 1032 685 1071 Ithaci
713 1036 751 1071 et
776 1033 981 1083 Phaeaces,
1008 1038 1137 1072 tamen
1163 1045 1213 1072 ne
1239 1035 1281 1072 in
1306 1033 1428 1071 Iliade
1470 1033 1627 1083 quidem
1655 1031 1863 1070 muliebres
1890 1033 2051 1070 virtutes
2078 1031 2193 1081 plane
2220 1031 2369 1070 deside-

106 1098 263 1143 rantur3
293 1107 420 1146 neque
447 1095 552 1134 enim
581 1095 661 1134 ulla
686 1100 809 1135 mater
827 1097 1017 1135 amantior
1034 1095 1204 1135 filiorum
1229 1108 1313 1135 esse
1341 1108 1467 1147 neque
1486 1096 1567 1134 ulla
1585 1108 1686 1134 uxor
1704 1095 1827 1146 magis
1848 1094 1895 1133 de
1922 1094 2046 1133 salute
2073 1094 2200 1132 mariti
2229 1106 2364 1134 curare

107 1161 231 1209 potest
276 1170 390 1208 quam
431 1158 706 1196 Andromacha
750 1162 817 1196 aut
855 1158 1028 1196 Hecuba.
1101 1158 1230 1204 Quid?
1294 1158 1469 1207 Odyssea
1511 1170 1640 1196 nonne
1685 1159 1804 1195 trium
1849 1157 2067 1205 mulierum,
2111 1156 2368 1206 Helenae,¹⁸⁴)

107 1220 517 1271 Clytaemnestrae,¹³⁶)
546 1220 782 1269 Veneris¹³⁶)
810 1221 1051 1261 detestabilia
1068 1221 1258 1260 adulteria
1281 1223 1454 1272 opposita
1472 1225 1563 1260 sunt
1587 1222 1752 1260 eximiae
1779 1220 1870 1258 fidei
1890 1219 2133 1270 Penelopes?
2180 1220 2373 1259 Nausicaa

107 1296 187 1322 non
214 1285 323 1335 virgo
350 1287 478 1322 tantae
495 1284 763 1334 verecundiae,
782 1288 909 1323 tantae
929 1285 1141 1324 venustatis
1168 1285 1331 1335 exsistit,
1358 1288 1401 1323 ut
1419 1288 1573 1323 nostrae
1599 1284 1806 1322 memoriae
1834 1283 1918 1321 01181
1938 1283 2015 1321 81111
2032 1286 2178 1334 poetae,
2205 1295 2372 1334 quorum

107 1347 316 1385 Goetheius
334 1347 449 1397 longe
466 1348 646 1397 princeps
674 1354 741 1396 est,
762 1359 861 1397 quae
880 1347 1075 1386 Homerus
1093 1348 1282 1398 singulari
1300 1351 1337 1386 et
1357 1360 1436 1386 non
1454 1347 1632 1385 imitabili
1651 1351 1731 1384 arte
1750 1348 1939 1396 percurrit
1956 1352 1993 1383 et
2012 1346 2148 1384 leviter
2167 1346 2368 1396 significat,

105 1410 284 1461 persequi
297 1421 342 1448 00
353 1408 540 1447 dilatare?
575 1409 668 1448 Tota
683 1408 858 1459 Odyssea
875 1422 955 1449 non
966 1414 1102 1449 tractat
1115 1410 1296 1449 violatam
1316 1423 1339 1448 a
1354 1410 1482 1461 procis
1495 1413 1532 1448 et
1546 1409 1593 1447 ab
1609 1409 1729 1448 Ulixe
1747 1410 1964 1447 restitutam
1978 1409 2217 1447 sanctitatem
2232 1409 2370 1447 (10111118

106 1476 144 1511 01
170 1472 364 1510 familiae?
419 1471 561 1510 Ulixes
588 1484 668 1510 non
695 1472 855 1510 domum
882 1485 992 1511 suam
1030 1473 1215 1524 pollutam
1254 1485 1338 1512 esse
1365 1472 1563 1511 amoribus
1590 1484 1796 1523 procorum
1824 1476 1861 1509 et
1887 1471 2117 1509 ancillarum
2144 1472 2369 1510 existimans

106 1537 232 1587 procis
260 1535 470 1574 interfectis
497 1535 602 1574 haud
630 1537 802 1574 severius
830 1539 868 1574 et
894 1536 1046 1585 iustius,
1075 1548 1192 1587 quam
1220 1536 1359 1586 decuit,
1388 1536 1436 1574 de
1454 1535 1627 1587 patibulo
1655 1534 1814 1573 ancillas
1834 1534 2125 1585 suspendendas
2154 1533 2367 1579 curatP¹³⁷)

105 1599 213 1639 Haec
238 1599 434 1638 hactenus.

292 1673 409 1710 Nunc
436 1684 678 1723 exponamus
705 1684 770 1710 eas
797 1674 1111 1723 consociationes,
1151 1685 1250 1724 quae
1289 1674 1366 1710 nisi
1392 1673 1579 1710 connubii
1616 1677 1674 1710 est
1710 1674 1852 1710 iactum
1893 1672 2198 1720 fundamentum,
2237 1672 2368 1710 nullae

105 1737 263 1776 omnino
291 1749 375 1775 esse
401 1740 573 1787 possunt.
629 1735 729 1775 Sunt
755 1740 884 1775 autem
911 1737 994 1785 hae,
1023 1740 1066 1775 ut
1094 1738 1241 1787 opinor,
1268 1738 1571 1775 consociationes
1599 1737 1807 1785 servitutis,
1835 1737 2004 1786 hospitii,
2032 1737 2229 1774 amicitiae.

293 1799 353 1837 Ac
380 1810 582 1838 servorum
610 1798 767 1850 quidem
809 1798 978 1838 conditio
1016 1812 1251 1851 quamquam
1279 1799 1412 1839 infima
1440 1799 1594 1839 videtur
1620 1811 1714 1849 esse,
1757 1812 1879 1850 quum
1917 1798 2091 1838 libertate
2119 1800 2258 1838 amissa
2284 1812 2366 1839 non

104 1862 219 1900 modo
248 1862 394 1900 domini
422 1866 514 1900 sunt
539 1862 641 1911 facti,
669 1862 738 1900 sed
766 1861 891 1911 etiam,
918 1867 962 1901 ut
988 1864 1041 1901 ait
1067 1863 1274 1912 Eumaeus,
1316 1864 1477 1902 dimidia
1502 1868 1610 1914 parte
1636 1864 1791 1901 virtutis
1820 1876 1842 1900 a
1869 1863 1961 1901 Iove
1989 1862 2208 1913 privati,¹³⁸)
2236 1868 2366 1901 tamen

103 1938 183 1964 non
212 1925 345 1964 durior
384 1929 465 1964 erat
503 1929 570 1964 0111
614 1926 735 1964 11111110
775 1925 907 1964 labore
945 1929 1012 1964 aut
1051 1926 1182 1976 inopia
1208 1938 1337 1964 rerum
1365 1927 1414 1964 ad
1452 1928 1571 1965 vitam
1606 1927 1820 1977 degendam
1854 1927 2166 1969 necessariarum,
2195 1928 2227 1964 si
2250 1927 2366 1965 modo

104 1987 338 2038 benignitate
365 1992 402 2027 et
429 1989 606 2027 comitate
634 1982 781 2027 1101111111
808 1988 1025 2027 utebantur.
1080 1988 1130 2027 Et
1158 1988 1263 2039 quod
1289 2001 1490 2028 servorum
1517 1990 1714 2028 humilitas
1743 1990 1920 2039 despecta
1947 1994 2037 2038 erat,
2064 1989 2102 2037 ii,
2146 1990 2213 2039 qui
2240 1989 2363 2027 nobili

103 2050 188 2088 loco
216 2052 289 2088 orti
314 2052 356 2089 in
383 2052 608 2090 servitutem
626 2052 785 2090 abducti
803 2051 996 2100 eranam)
1025 2052 1191 2102 quadam
1210 2052 1385 2090 libertate
1411 2051 1620 2090 utebantur
1639 2056 1676 2090 et
1693 2052 1734 2089 in
1763 2051 1894 2102 aliquo
1922 2051 2065 2089 honore
2092 2055 2210 2100 erant,
2240 2063 2364 2103 quum

102 2114 142 2162 ii,
171 2114 239 2163 qui
266 2116 440 2152 servituti
469 2116 550 2153 nati
577 2119 696 2164 erant,
735 2115 840 2165 quod
866 2115 1014 2152 bonum
1052 2127 1131 2153 non
1163 2120 1433 2166 cognoverant,
1473 2128 1552 2153 non
1580 2117 1634 2153 ita
1661 2115 1775 2153 valde
1803 2115 2070 2153 desiderarent.
2127 2114 2254 2160 Quare
2281 2116 2363 2153 vita

103 2186 308 2214 servorum
321 2177 445 2229 magis
459 2177 652 2229 pendebat
666 2188 687 2217 e
702 2180 886 2229 personis
901 2180 939 2216 et
957 2189 1159 2217 servorum
1174 2181 1211 2217 et
1231 2177 1478 2218 dominorum
1497 2190 1614 2230 quam
1634 2189 1655 2217 e
1669 2178 1862 2217 servitute.
1888 2176 1992 2216 Num
2010 2177 2130 2228 igitur
2143 2176 2367 2217 mirandum

102 2242 171 2287 est,
182 2239 286 2288 quod
299 2239 496 2278 Eumaeus
503 2240 570 2288 ¹⁴¹⁰)
586 2244 624 2279 et
640 2240 929 2287 Philoetiusffl)
940 2244 1045 2278 tanto
1052 2252 1174 2291 paene
1182 2241 1372 2279 desiderio
1380 2241 1512 2280 Ulixis
1519 2242 1688 2280 absentis
1697 2242 1876 2279 commoti
1890 2244 1990 2289 sunt,
2000 2244 2156 2290 -quanto
2164 2240 2227 2279 vel
2236 2240 2362 2279 Pene-

102 2301 190 2353 lope
205 2301 268 2341 vel
280 2302 530 2343 Telemachus
543 2303 562 2342 P
589 2303 771 2354 Iiautem,
787 2305 855 2355 qui
869 2316 939 2342 suo
953 2304 1037 2342 iure
1046 2303 1094 2342 de
1108 2316 1153 2343 eo
1160 2304 1385 2355 glorientur,
1401 2305 1507 2355 quod
1516 2306 1625 2354 mori,
1641 2306 1709 2355 qui
1717 2309 1847 2343 nostro
1856 2303 2207 2354 temporeinvalmt,
2222 2316 2365 2343 conve-

101 2365 262 2415 nienter,
277 2366 442 2405 servitus
450 2366 594 2406 abolita
604 2367 664 2418 sit,
678 2366 801 2406 nolim
808 2366 1098 2417 obliviscantur,
1110 2378 1224 2419 saepe
1237 2379 1343 2407 nunc
1351 2367 1445 2419 fieri,
1455 2371 1508 2419 ut,
1524 2369 1595 2420 qui
1604 2380 1682 2408 non
1691 2367 1855 2408 habeant
1862 2378 2003 2417 servos,
2010 2367 2085 2418 ipsi
2094 2367 2173 2406 sint
2180 2368 2294 2407 servi.
2302 2366 2371 2426 ¹⁴²)

288 2428 476 2479 Exposita
501 2431 622 2480 igitur
648 2431 833 2469 servitute
860 2429 1047 2480 deinceps
1069 2430 1413 2470 demonstrandum
1449 2436 1517 2480 est,
1562 2432 1666 2470 unde
1707 2436 1789 2469 orta
1828 2432 1905 2469 sint
1947 2430 2115 2479 hospitia
2152 2435 2190 2469 et
2230 2431 2363 2482 qualia

99 2489 254 2529 fuerint.
310 2489 417 2537 Quae
443 2492 478 2531 si
505 2493 573 2544 qui
600 2496 738 2544 putant
775 2505 827 2533 ex
852 2493 984 2543 inopia
1010 2495 1126 2544 atque
1162 2493 1378 2545 indigentia
1404 2498 1495 2533 nata
1521 2507 1615 2544 esse,
1653 2499 1696 2534 ut
1723 2495 1809 2543 sint,
1850 2493 1954 2544 apud
1982 2506 2081 2544 quos
2110 2493 2366 2533 deversentur

100 2553 276 2592 homines
303 2556 591 2605 peregrinantes
618 2559 656 2594 et
681 2556 820 2595 itinera
845 2555 1038 2606 facientes,
1067 2557 1309 2595 occasionem
1334 2556 1392 2595 illi
1412 2557 1570 2609 quidem
1598 2570 1688 2596 cum
1706 2557 1836 2607 aliquo
1863 2556 2075 2607 hospitium
2104 2556 2369 2609 coniungendi

99 2620 139 2654 et
165 2616 371 2654 utilitatem
397 2629 448 2654 ex
475 2630 520 2656 eo
549 2619 727 2669 capiendi
752 2622 855 2656 recte
874 2619 1056 2657 videntur
1074 2619 1346 2669 demonstrare,
1373 2621 1442 2658 sed
1469 2632 1548 2659 non
1570 2621 1660 2658 satis
1680 2619 1890 2667 ostendere,
1920 2624 2171 2669 quantopere,
2186 2620 2364 2658 homines

99 2689 170 2730 per
197 2689 238 2717 se
264 2677 481 2730 indigentes
509 2680 605 2720 alter
641 2681 800 2720 alterius
841 2681 990 2719 auxilio
1018 2685 1157 2733 egeant
1174 2685 1291 2734 atque
1319 2682 1368 2722 ob
1394 2683 1437 2722 id
1460 2684 1589 2735 ipsum
1615 2681 1781 2721 naturali
1809 2681 1980 2733 quodam
2007 2694 2138 2721 amore
2166 2683 2367 2721 coniuncti

100 2742 190 2791 sint,
218 2752 317 2792 quae
343 2753 404 2781 res
432 2744 611 2795 exemplo
637 2745 796 2796 hospitii
823 2744 1103 2796 comprobatur.
1157 2746 1290 2797 Atque
1317 2746 1423 2785 haud
1461 2748 1540 2786 8010
1577 2758 1627 2784 011
1653 2745 1715 2784 vel
1755 2745 1783 2782 ii
1825 2746 1895 2796 qui
1921 2758 2029 2784 1111110
2057 2749 2150 2784 811111
2172 2746 2362 2795 11011111108,

99 2805 132 2842 si
161 2805 203 2841 in
230 2805 371 2842 exteris
397 2807 509 2844 terris
535 2811 750 2857 versentur,
777 2808 900 2858 magis
927 2811 964 2845 et
989 2809 1064 2858 ipsi
1092 2808 1169 2846 sibi
1195 2810 1402 2849 videantur
1429 2810 1478 2848 011
1505 2810 1781 2848 humanitatem
1808 2810 1993 2859 propensi
2019 2820 2104 2847 esse
2131 2812 2169 2847 et
2197 2809 2364 2847 aliorum

100 2866 409 2905 benevolentiam
448 2870 633 2919 experiri3
681 2870 785 2909 domi
817 2870 921 2908 enim
964 2882 1086 2921 quum
1123 2872 1253 2910 omnia
1281 2872 1330 2911 ad
1363 2872 1598 2911 voluntatem
1626 2872 1801 2923 ipsorum
1837 2870 1972 2922 fluant,
2011 2871 2191 2910 oblivisci
2231 2870 2368 2921 solent,

100 2933 291 2981 quantum
316 2930 493 2969 homines
531 2932 755 2971 hominibus
796 2933 969 2971 debeant.
1022 2934 1195 2984 Accedit,
1223 2936 1328 2985 quod
1353 2937 1396 2973 in
1431 2936 1554 2985 patria
1590 2947 1670 2972 11011
1708 2935 1824 2973 1110110
1853 2935 2094 2973 consuetudo
2123 2934 2367 2986 quotidiana,

100 3002 202 3044 quae
227 2991 341 3032 nobis
367 2994 424 3032 est
450 3003 601 3044 semper
627 3005 717 3035 cum
744 2994 967 3035 hominibus
993 2995 1143 3046 iisdem,
1171 2997 1299 3036 animo
1328 2996 1470 3036 callum
1497 2995 1665 3047 obducit,
1694 2996 1763 3036 sed
1790 2997 1907 3037 etiam
1934 2995 2138 3036 affinitates
2166 2999 2204 3036 et
2222 2996 2369 3035 civium

100 3067 192 3094 cum
219 3053 371 3094 civibus
397 3055 527 3095 variae
554 3059 592 3096 et
617 3057 763 3098 multae
790 3059 1084 3099 coniunctiones
1116 3073 1162 3100 ac
1194 3061 1509 3112 congregationes
1545 3060 1728 3111 efficiunt,
1770 3066 1814 3100 ut
1848 3063 2001 3101 tametsi
2027 3061 2162 3100 nullus
2189 3062 2231 3099 in
2257 3059 2371 3098 nobis
