2519 3449
1217 132 1269 171 25

109 320 158 360 ab
186 321 234 361 iis
260 322 377 362 rebus
403 333 570 374 regnum
588 321 904 372 Agamemnonis,
932 319 1110 370 Menelai,
1138 321 1271 361 Ulixis
1299 321 1464 360 aliorum
1491 319 1584 359 item
1610 322 1746 359 natum
1764 330 1859 369 esse,
1886 323 2003 371 atque
2030 319 2078 358 ob
2100 319 2262 359 eandem
2281 332 2376 359 cau-

108 396 191 423 sam
217 384 539 435 Thucydides²⁶³)
568 385 675 422 testis
703 388 771 433 est,
798 384 944 422 factum
971 395 1065 434 esse,
1093 388 1137 423 ut
1162 387 1496 435 Agamemnonem
1523 383 1673 431 ducem,
1701 395 1825 433 quum
1851 384 1952 421 inter
1979 387 2124 423 ceteros
2153 394 2262 434 reges
2290 394 2372 421 11011

106 449 186 486 13111
212 447 437 488 fortitudine
465 459 583 498 quam
610 447 779 497 potentia
806 446 1021 496 excelleret,
1050 447 1193 486 Achivi
1220 450 1474 498 sequerentur
1501 446 1551 485 ad
1577 446 1730 485 Troiam
1757 445 2034 497 occupandam.
2088 445 2225 497 Neque
2252 447 2374 497 igitur

105 521 299 550 summam
325 523 409 551 esse
433 512 661 563 potestatem
688 511 789 561 regis
808 512 875 548 aut
902 522 925 548 a
951 513 1058 561 patre
1086 510 1296 549 hereditate
1324 510 1447 561 accipi
1473 509 1561 548 ideo
1580 508 1799 559 voluerunt,
1828 508 1931 560 quod
1961 509 2199 548 maiestatem
2226 510 2374 561 regiam

106 585 174 624 per
200 586 242 612 se
268 575 400 612 divino
429 575 575 611 honore
602 574 805 611 colendam
830 585 914 611 esse
941 578 1131 623 putarent,
1170 574 1239 611 sed
1277 578 1410 611 contra
1446 585 1577 624 regem
1605 572 1784 610 divinum
1821 578 1858 610 et
1886 585 1909 609 a
1947 572 2021 609 diis
2050 577 2178 609 ortum
2205 585 2288 610 esse
2316 574 2371 610 ita

107 638 436 686 existimaverunt,
464 637 498 675 si
523 648 654 687 regem
681 636 843 687 dignum
871 648 955 675 esse
981 636 1207 686 iudicarent,
1236 637 1300 676 cui
1328 648 1460 675 omnes
1487 634 1749 687 parerentffl)
1803 635 1853 674 Et
1881 635 1987 686 quod
2007 635 2147 675 Ulixes
2179 637 2237 674 vir
2264 648 2369 675 unus

106 701 281 739 omnium
307 698 635 752 prudentissimus
654 702 778 750 negat,
806 708 1056 749 πολυκοιρανίην,
1071 700 1094 737 1.
1113 711 1144 738 0.
1163 700 1371 751 imperium
1389 697 1673 747 multorum¹⁶⁶)
1693 710 1777 737 esse
1795 698 1953 748 bonum,
1972 710 2052 737 non
2071 699 2156 737 vult
2175 699 2373 738 crudelem

105 767 143 801 et
169 764 375 814 superbam
404 763 706 800 dominationem
734 763 902 811 laudare,
944 763 1011 799 sed
1043 763 1143 800 illud
1176 763 1391 811 defendere,
1432 764 1465 800 si
1498 768 1677 813 ageretur
1715 764 1891 800 omnium
1925 763 2031 800 salus
2067 767 2104 800 et
2132 764 2164 799 si
2193 764 2366 800 celeritas

106 828 269 865 actionis
296 828 338 864 in
365 825 565 864 voluntate
592 829 630 863 et
657 825 818 863 consilio
845 826 963 863 unius
991 826 1065 863 viri
1092 827 1217 877 posita
1244 829 1354 874 esset,
1383 825 1485 863 dicto
1513 826 1735 864 audientem
1761 837 1846 864 esse
1874 829 2049 877 oportere
2077 827 2123 875 ei,
2161 827 2272 863 cuius
2300 838 2368 877 po-

105 890 298 929 tissimum
325 892 425 928 esset
452 888 528 927 sibi
554 890 714 939 suisque
742 889 943 928 consulere
970 890 1160 928 servanda
1192 889 1401 941 republica.
1453 888 1615 940 Regiam
1653 893 1781 928 autem
1822 892 1860 928 et
1897 889 2110 940 legitimam
2145 893 2370 940 potestatem

103 954 172 1003 qui
199 953 347 1001 habeat,
376 952 425 990 ob
453 952 494 989 id
520 953 649 1002 ipsum
677 952 786 989 nullo
814 952 929 990 modo
958 964 1082 1003 usque
1121 965 1165 991 eo
1207 965 1247 991 se
1275 953 1482 1001 continere,
1523 959 1563 991 ut
1596 954 1702 991 omni
1735 953 1880 990 iniuria
1912 952 2112 999 abstineat,
2151 952 2368 991 ostenditur

105 1016 284 1066 exemplo
313 1015 628 1065 Agamemnonis,
658 1025 775 1065 quem
801 1020 998 1065 tantopere
1025 1017 1203 1066 paenitet,
1232 1015 1336 1066 quod
1362 1015 1528 1054 Achillis
1555 1016 1729 1053 animum
1757 1015 1970 1063 offenderit,
2006 1020 2049 1053 ut
2078 1027 2156 1053 non
2184 1015 2297 1053 modo
2327 1027 2369 1053 se

105 1080 289 1117 iniuriam
314 1078 451 1117 fecisse
488 1078 686 1129 propalam
726 1077 1036 1128 confiteatur,¹⁶⁶)
1076 1079 1144 1117 sed
1171 1080 1285 1118 etiam
1319 1079 1542 1129 saepissime
1580 1080 1661 1118 suis
1694 1079 1812 1117 rebus
1851 1078 2109 1130 desperet.¹⁶⁷)
2167 1079 2366 1118 Praeclare

105 1143 225 1193 igitur
252 1141 399 1180 dictum
426 1145 484 1180 est
511 1140 558 1179 ab
586 1140 768 1179 Horatio:

723 1204 914 1255 quidquid
942 1204 1106 1243 delirant
1133 1216 1242 1256 reges
1270 1206 1493 1257 plectuntur
1521 1205 1747 1251 Achivi.²⁶⁸)

104 1277 213 1324 Quae
241 1278 415 1317 deliratio
443 1278 545 1329 regis
574 1288 623 1316 ne
650 1277 766 1316 latius
794 1281 923 1316 manet
949 1289 1046 1317 neve
1073 1279 1352 1330 rempublicam
1379 1280 1613 1331 praecipitet,
1641 1290 1750 1331 reges
1777 1280 1859 1331 regi
1888 1279 2031 1318 adsunt
2064 1284 2100 1318 et
2128 1280 2247 1318 libere
2276 1291 2363 1331 pro-

103 1342 270 1391 fitentur,
299 1353 397 1392 quae
425 1341 499 1379 sibi
527 1353 547 1379 e
574 1341 773 1391 republica
799 1341 928 1379 futura
957 1354 1039 1380 esse
1066 1343 1280 1392 videantur,
1310 1356 1433 1394 quum
1448 1343 1648 1393 'oey0915¹⁶⁹),
1686 1344 1727 1381 id
1764 1352 1821 1382 est
1856 1346 1984 1382 contio
2013 1345 2147 1394 populi
2175 1346 2213 1381 in
2241 1345 2369 1381 forum

105 1407 316 1442 convocata
342 1404 421 1442 nisi
449 1407 515 1441 aut
541 1404 738 1442 fremendo
766 1409 833 1442 aut
865 1404 1134 1455 applaudendo
1172 1405 1300 1443 nullas
1340 1406 1382 1443 in
1421 1406 1669 1444 deliberando
1708 1412 1833 1457 partes
1867 1412 1964 1458 agat.
2021 1406 2157 1458 Neque
2194 1419 2367 1458 unquam

106 1468 174 1516 (1111
212 1467 425 1505 sacerdotio
462 1470 675 1517 praeerant,
713 1470 858 1504 tantam
896 1468 1089 1505 habebant
1124 1473 1361 1518 potestatem,
1406 1475 1448 1507 ut
1486 1474 1552 1507 aut
1588 1470 1817 1520 religionem
1855 1471 2034 1521 quaestui
2075 1470 2259 1507 haberent
2296 1473 2363 1507 aut

104 1529 278 1568 valerent
305 1529 355 1567 ad
380 1529 661 1580 rempublicam
694 1529 912 1580 gerendam.
963 1530 1095 1570 Dices:
1137 1532 1378 1582 Agamemno
1414 1545 1651 1583 quamquam
1689 1532 1860 1582 Chrysae
1898 1533 2087 1572 sacerdoti
2127 1534 2281 1584 petenti,
2324 1537 2369 1571 ut

102 1591 184 1630 filia
211 1592 286 1630 sibi
311 1592 547 1642 redderetur,
577 1592 781 1642 defuit,¹⁷⁰)
809 1597 937 1631 tamen
965 1593 1128 1632 Calchae
1155 1594 1387 1644 admonenti,
1416 1595 1463 1633 ab
1491 1596 1674 1646 Apolline
1702 1596 1960 1647 pestilentiam
1987 1597 2028 1634 in
2056 1601 2180 1634 castra
2197 1596 2368 1634 Achivo-

103 1667 192 1692 rum
211 1655 426 1692 immissam
453 1667 536 1693 esse
563 1667 691 1706 neque
718 1656 802 1693 eius
819 1656 917 1693 iram
937 1660 1171 1694 cessaturam
1199 1669 1293 1704 esse,
1320 1659 1396 1696 nisi
1415 1658 1597 1708 Chrysae,
1625 1658 1815 1697 sacerdoti
1834 1659 2039 1709 Apollinis,
2067 1658 2147 1695 filia
2170 1658 2368 1696 reddenda

105 1717 344 1757 satisfactum
371 1722 481 1768 esset,
509 1731 589 1758 non
616 1720 751 1770 potuit,
781 1720 876 1770 quin
903 1719 1189 1771 obsequeretur.
1245 1722 1297 1760 At
1324 1722 1406 1773 ipse
1434 1721 1595 1762 Calchas
1623 1726 1860 1774 quantopere
1887 1723 1989 1774 regis
2016 1722 2114 1760 iram
2141 1722 2311 1760 timuerit
2330 1725 2367 1760 et

104 1793 223 1832 quam
260 1793 340 1819 non
378 1782 547 1821 confisus
586 1784 646 1833 sit,
685 1784 776 1833 fore,
815 1788 858 1821 ut
896 1784 1198 1835 Agamemnonis
1236 1786 1410 1825 animum
1443 1787 1630 1837 immutet,
1680 1787 1713 1825 si
1754 1786 2063 1835 demontraverit,
2105 1786 2216 1824 illum
2251 1786 2368 1837 culpa

107 1845 347 1894 pestilentiae
375 1851 412 1884 et
439 1847 666 1884 calamitatis
690 1848 822 1895 teneri,
850 1859 895 1884 eo
923 1853 1089 1897 apparet,
1118 1849 1223 1897 quod
1250 1862 1329 1887 non
1356 1851 1463 1899 prius
1482 1863 1620 1891 verum
1648 1851 1774 1888 dicere
1802 1863 1921 1888 ausus
1949 1855 2017 1898 est,
2046 1862 2162 1899 quam
2188 1850 2365 1887 Achilles

105 1917 194 1945 eum
243 1906 345 1947 bono
394 1908 523 1948 animo
562 1921 645 1949 esse
682 1907 921 1959 iusserit.1⁷¹)
985 1908 1158 1950 Libertas
1194 1915 1323 1951 autem
1360 1912 1402 1951 in
1440 1911 1604 1952 dicendo
1643 1917 1750 1953 tanta
1786 1912 1870 1963 fuit,
1909 1916 1952 1952 ut
1989 1925 2038 1952 ne
2072 1913 2171 1964 regis
2208 1911 2366 1964 quidem

104 1972 320 2019 praesentia
345 1976 412 2008 aut
438 1973 711 2022 reprimeretur
738 1977 804 2010 aut
829 1974 1132 2011 imminueretur.
1180 1974 1292 2020 Quod
1311 1975 1479 2014 declarat
1506 1988 1550 2014 ea
1576 1978 1685 2027 ratio,
1714 1989 1791 2028 qua
1811 1989 1934 2028 quum
1959 1976 2070 2014 multi
2089 1980 2172 2014 tum
2191 1975 2367 2013 Achilles

105 2037 143 2071 et
169 2032 377 2072 Diomedes
405 2034 592 2074 adversus
619 2036 949 2086 Agamemnonem
979 2041 1152 2075 utuntur.
1208 2037 1338 2084 Quid?
1378 2038 1587 2078 Diomedes
1614 2052 1744 2078 nonne
1783 2052 1913 2078 coram
1950 2041 2032 2090 11130
2071 2039 2366 2089 Agamemnone

104 2099 229 2146 negat,
257 2097 341 2135 eius
368 2098 542 2136 animum
570 2098 725 2137 firmum
753 2103 790 2137 et
817 2098 994 2137 stabilem
1021 2099 1203 2148 esse?¹⁷²)
1258 2100 1387 2147 Quid?
1431 2103 1607 2141 Achilles
1634 2115 1764 2142 nonne
1791 2115 1836 2141 eo
1863 2104 1946 2154 ipso
1975 2103 2092 2140 animi
2120 2102 2368 2141 altitudinem

104 2162 282 2209 praestat,
311 2160 417 2211 quod
444 2173 524 2199 non
552 2165 697 2200 tantam
725 2162 828 2213 apud
868 2175 958 2201 eum
992 2176 1062 2202 rex
1099 2166 1365 2204 auctoritatem
1392 2166 1516 2216 habet,
1554 2170 1599 2206 ut
1632 2179 1673 2206 se
1708 2167 1755 2205 ab
1784 2179 1828 2205 eo
1855 2167 2012 2217 impune
2038 2165 2140 2204 laedi
2167 2166 2366 2216 patiatur?

101 2219 192 2258 Non
219 2232 308 2259 cum
335 2234 425 2274 rege
454 2223 501 2262 de
528 2225 612 2262 eius
640 2226 801 2263 avaritia
828 2231 865 2263 et
892 2226 1100 2277 cupiditate
1119 2227 1283 2278 praedae
1301 2230 1513 2268 maximam
1540 2234 1688 2281 partem
1714 2242 1825 2269 suam
1850 2228 2014 2268 faciendi
2041 2228 2367 2280 expostulatvn)

103 2282 234 2328 Quid?
277 2287 519 2335 Agamemno
546 2289 639 2338 ipse,
670 2301 791 2338 quum
819 2291 903 2327 eius
930 2290 1035 2327 modi
1063 2292 1312 2340 castigatione
1345 2297 1381 2330 et
1414 2294 1561 2343 pudore
1599 2294 1756 2332 affectus
1795 2305 1872 2331 non
1911 2293 2028 2330 semel
2067 2293 2115 2330 ad
2155 2305 2196 2331 se
2236 2293 2370 2332 redeat

103 2350 219 2398 atque
247 2349 375 2388 animo
404 2350 566 2390 deficere
595 2351 754 2401 desinat,
784 2365 912 2392 11011110
939 2353 1045 2393 1111113
1073 2354 1260 2393 libertatis
1294 2356 1499 2396 utilitatem
1534 2357 1783 2409 comprobare
1816 2356 1994 2395 videtur?
2049 2355 2215 2402 Quantis
2249 2357 2371 2408 igitur

102 2410 288 2449 molestiis
317 2413 492 2453 homines
519 2415 661 2453 heroici
694 2416 893 2467 vacabant,
922 2418 1000 2469 qui,
1029 2430 1149 2470 quum
1168 2419 1250 2470 regi
1269 2425 1456 2471 parerent,
1484 2432 1563 2459 non
1591 2421 1691 2460 servi
1711 2424 1836 2459 essent
1855 2425 1892 2459 et
1911 2432 2079 2472 quorum
2097 2431 2171 2459 rex
2190 2420 2371 2459 humani-

105 2479 220 2512 tatem
247 2489 325 2514 non
354 2478 571 2517 abiecisset!
629 2480 756 2525 Quare
784 2493 832 2518 ne
860 2482 959 2519 illud
988 2482 1144 2532 quidem
1171 2484 1436 2532 periculosum
1464 2491 1531 2522 aut
1551 2486 1779 2523 damnosum
1806 2485 1921 2522 saluti
1941 2486 2117 2522 omnium
2145 2489 2237 2532 erat,
2266 2486 2373 2535 quod

105 2536 281 2576 nondum
318 2540 370 2578 ita
408 2542 627 2593 respublica
666 2543 817 2593 legibus
855 2549 1063 2595 temperata
1098 2550 1189 2594 erat,
1228 2550 1271 2584 ut
1309 2546 1474 2585 aliorum
1510 2548 1572 2586 ius
1609 2552 1708 2585 esset
1745 2547 1875 2596 legum
1908 2547 2168 2597 ferendarum,
2207 2548 2375 2586 aliorum

106 2603 272 2650 potestas
317 2605 569 2655 exsequendi,
609 2607 713 2656 quod
754 2606 951 2645 decretum
990 2620 1012 2646 a
1049 2608 1245 2646 iudicibus
1282 2613 1392 2659 esset,
1433 2610 1597 2648 aliorum
1634 2614 1801 2661 potestas
1840 2610 2132 2649 iurisdictionis.
2187 2613 2254 2649 An
2293 2623 2373 2649 non

107 2661 240 2700 Ulixis
276 2666 379 2712 regis
416 2668 653 2716 praeclaram
690 2670 871 2707 virtutem
906 2671 948 2707 in
986 2682 1030 2708 eo
1069 2672 1238 2709 maxime
1276 2672 1411 2722 elucet,
1461 2673 1565 2724 quod
1601 2674 1653 2710 ita
1698 2684 1835 2723 procos
1870 2673 2087 2724 Penelopes
2137 2677 2286 2723 tractat,
2326 2679 2373 2711 ut

107 2737 173 2764 003
200 2732 355 2766 30011301
381 2729 563 2782 idemque
589 2733 631 2770 in
657 2732 846 2771 iudicium
875 2738 986 2772 vocet
1013 2739 1046 2772 et
1084 2734 1357 2783 1101110019174)

295 2799 413 2840 Nunc
439 2803 489 2842 ad
516 2805 748 2856 elegantiam
776 2806 943 2845 hominis
970 2806 1167 2846 Homerici
1196 2831 1246 2836 —
1284 2807 1325 2847 id
1353 2809 1456 2860 quod
1489 2809 1529 2847 in
1563 2811 1698 2860 quarto
1737 2808 1822 2847 loco
1862 2809 2076 2860 quaerendi
2114 2810 2198 2849 eius
2237 2810 2369 2861 partis,

108 2873 208 2911 quae
236 2867 293 2900 est
320 2863 368 2901 de
395 2876 547 2905 summo
582 2868 695 2917 bono,
722 2870 924 2918 posuimus
958 2891 1010 2897 -
1036 2871 1307 2920 explicandam
1334 2874 1543 2910 veniamus.
1596 2872 1644 2909 In
1678 2884 1754 2922 quo
1782 2873 2142 2912 commodissimum
2169 2873 2326 2911 videtur
2351 2885 2374 2911 a

108 2923 400 2974 pulchritudine
441 2939 645 2979 corporum
698 2930 899 2981 proficisci.
972 2931 1073 2970 Nam
1114 2933 1442 2983 quemadmodum
1482 2935 1652 2972 carmina
1701 2939 1918 2973 ceterorum
1963 2940 2176 2987 poetarum,
2230 2940 2274 2973 ut
2320 2936 2373 2973 ait

109 2987 419 3037 Aeschylus,¹⁷⁶)
448 2993 707 3042 comparanda
735 3000 826 3031 sunt
855 3005 944 3032 cum
971 2994 1104 3033 frustis
1131 3007 1153 3033 a
1180 2997 1323 3034 mensis
1350 2998 1557 3035 exstructis
1584 2996 1746 3036 Homeri
1774 3000 1951 3049 sumptis,
1985 3000 2040 3037 sic
2069 2999 2198 3037 nescio
2227 3010 2276 3036 an
2304 2998 2373 3049 qui
