2519 3449
1223 150 1272 188 12

107 344 358 388 componunt.
415 338 528 384 Quod
556 340 588 377 si
617 340 668 377 ita
696 344 763 387 est,
809 338 862 376 dii
899 350 979 376 non
1019 339 1143 388 magis
1178 351 1294 389 quam
1333 339 1519 387 homines,
1557 340 1589 376 si
1626 338 1719 389 quid
1749 340 1874 377 maius
1902 339 2075 379 obtinere
2102 340 2249 390 volunt,
2278 340 2383 379 omni

107 413 250 451 genere
276 401 557 440 maleficiorum
596 402 856 453 supersedent.
912 401 994 439 Nec
1036 403 1179 439 mirum
1211 406 1279 450 est,
1327 401 1431 452 quod
1469 402 1656 450 homines,
1698 403 1765 452 qui
1804 404 1845 440 in
1872 403 1990 441 rebus
2016 404 2208 454 gerendis,
2235 416 2314 442 non
2341 404 2383 441 in

108 465 329 515 cognitione
356 477 487 503 rerum
515 466 633 503 vitam
665 465 868 503 hominum
895 465 1050 502 vitalem
1089 469 1313 515 posuerunt,
1352 465 1443 503 deos
1471 465 1648 503 colebant
1675 468 1712 503 et
1739 465 2025 504 venerabantur
2060 477 2136 515 eos,
2177 479 2275 517 quos
2302 479 2383 505 non

108 528 265 566 horrere
294 528 463 577 caedem,
496 540 575 566 non
602 527 851 566 reformidare
877 526 1080 565 mendacia
1106 530 1173 565 aut
1193 527 1301 565 dolos
1321 527 1442 565 malos
1469 526 1663 565 videbant.
1718 526 1797 566 Eos
1816 531 1945 566 autem
1965 528 2057 567 deos
2084 529 2133 567 iis
2159 529 2382 568 hominibus

108 591 330 629 simillimos
358 603 442 629 esse
472 592 558 641 quis
586 591 729 640 neget?
785 589 906 628 Cuius
930 590 1035 627 modi
1075 594 1111 628 et
1140 590 1214 628 diis
1242 595 1279 628 et
1307 590 1528 627 hominibus
1567 592 1635 641 qui
1674 592 1849 641 superior
1876 604 1959 630 esse
1987 596 2025 630 et
2052 594 2211 632 meliore
2237 595 2380 632 virtute

108 653 307 704 praeditus
336 654 410 691 sibi
438 654 601 702 videtur,
627 654 661 691 is
687 653 917 691 Homericos
958 658 995 691 et
1024 653 1116 691 deos
1144 658 1181 691 et
1208 654 1384 690 homines
1413 652 1581 690 ludibrio
1609 658 1725 704 atque
1753 654 1847 692 adeo
1875 655 2089 705 despicatui
2118 656 2193 694 sibi
2220 656 2379 703 habeat3

111 718 179 768 qui
199 722 329 756 autem
348 728 425 756 non
445 717 614 767 neglegit
632 717 819 768 replicare
838 716 1064 755 memoriam
1086 719 1314 767 temporum,
1335 720 1376 754 ut
1398 715 1643 764 demonstret,
1673 729 1757 755 esse
1776 717 1923 768 aliquid
1944 718 2026 756 sive
2044 719 2193 757 malum
2211 720 2293 758 sive
2313 719 2380 758 bo-

109 793 206 819 1111111
225 782 263 818 111
287 781 453 829 homine,
483 792 534 818 ex
554 792 632 831 quo
651 779 957 831 intellegendum
977 783 1045 829 est,
1065 780 1150 817 eius
1170 783 1347 817 naturam
1366 779 1488 829 magis
1508 780 1676 829 nomine,
1707 792 1823 831 quam
1843 792 1884 818 re
1905 792 2028 831 usque
2047 781 2175 820 adhuc
2193 786 2380 820 mutatam

111 856 207 891 esse,
236 845 268 881 is
296 844 426 880 minus
454 855 495 880 se
522 844 562 880 in
590 855 634 880 eo
660 844 871 882 iactaverit,
902 843 1008 893 quod
1035 854 1161 880 mores
1189 842 1450 880 emendaverit
1477 847 1513 880 et
1533 855 1671 892 pravas
1697 856 1937 894 paganorum
1957 845 2187 895 cupiditates
2214 846 2377 884 eiecerit.

298 905 392 943 Dixi
428 905 475 944 de
501 910 641 944 natura
669 906 841 944 deorum.
896 906 933 944 N
936 918 1013 944 11110
1042 905 1168 944 dicam
1196 905 1243 943 de
1273 904 1468 943 beneficiis
1496 905 1597 944 ultro
1627 907 1801 958 citroque
1830 907 1929 946 datis
1957 911 1995 946 et
2022 909 2188 959 acceptis
2217 909 2379 948 deorum

110 977 146 1008 et
176 971 385 1007 hominum.
442 970 598 1006 Scilicet
626 982 670 1006 co
700 971 794 1019 ipso.
824 969 929 1019 quod
958 969 1072 1006 homo
1100 968 1333 1006 Homericus
1361 980 1438 1005 11011
1469 968 1584 1006 deum
1612 970 1731 1007 vitam
1759 970 1971 1009 solitariam
1999 975 2188 1021 agentem,
2217 972 2284 1010 sed
2312 984 2377 1010 eos

109 1033 283 1071 adoravit
311 1032 421 1076 deos,
458 1032 526 1082 qui
555 1045 633 1069 non
661 1032 775 1070 modo
804 1033 905 1070 inter
939 1045 990 1079 se,
1019 1032 1087 1069 sed
1118 1033 1233 1070 etiam
1261 1044 1350 1069 cum
1376 1031 1595 1069 hominibus
1624 1033 1805 1071 societate
1832 1045 2002 1082 morum,
2030 1034 2178 1071 ratione
2206 1035 2375 1083 vivendi,

107 1095 243 1133 iisdem
265 1094 491 1142 virtutibus,
520 1094 658 1133 iisdem
679 1095 783 1133 vitiis
812 1095 1009 1133 coniuncti
1038 1100 1162 1143 erant,
1191 1094 1319 1133 cultus
1349 1094 1510 1134 deorum
1538 1107 1627 1145 prae
1656 1107 1696 1133 se
1721 1095 1795 1134 fert
1822 1096 1990 1146 speciem
2018 1095 2215 1147 quandam
2242 1097 2373 1135 hilari-

110 1160 196 1196 tatis
224 1164 261 1195 et
280 1159 445 1195 laetitiae
465 1170 510 1195 ac
537 1158 705 1195 multum
725 1158 833 1195 abest
860 1170 882 1194 a
909 1159 1044 1194 tetrica
1071 1159 1137 1195 illa
1165 1158 1377 1207 eademque
1397 1170 1679 1208 nonnunquam
1707 1158 1887 1196 simulata
1905 1159 2061 1196 tristitia
2080 1163 2117 1197 et
2143 1161 2374 1208 morositate,

110 1234 206 1271 quas
234 1233 368 1258 omnes
396 1221 571 1257 omnium
599 1224 767 1258 aetatum
786 1220 962 1258 homines
980 1220 1136 1257 fanatici
1164 1233 1277 1257 verae
1305 1222 1457 1269 pietatis
1485 1227 1521 1258 et
1541 1222 1711 1258 sincerae
1727 1217 1928 1270 religionis
1947 1222 2104 1271 signum
2132 1233 2216 1259 esse
2243 1223 2374 1271 opina-

110 1284 188 1322 nati
219 1287 320 1321 sunt.
377 1282 506 1329 Quid?
536 1283 649 1321 homo
671 1282 905 1321 Homericus
923 1294 1053 1321 nonne
1073 1282 1255 1321 utebatur
1274 1282 1435 1321 deorum
1463 1283 1731 1333 familiaritate,
1760 1295 1837 1322 non
1866 1295 1956 1322 cum
1983 1284 2031 1323 iis
2059 1285 2271 1334 consuevit,
2299 1297 2376 1323 non

109 1349 229 1384 sacris
255 1347 505 1384 instituendis
534 1347 698 1384 credidit
733 1358 774 1384 se
802 1347 876 1383 diis
909 1347 1057 1396 aliquid
1090 1358 1160 1396 pro
1189 1347 1236 1383 iis
1264 1346 1473 1390 beneficiis,
1513 1346 1655 1396 quibus
1683 1348 1766 1397 ipse
1800 1359 1822 1384 a
1858 1347 1932 1384 diis
1959 1347 2118 1385 affectus
2145 1351 2255 1397 esset,
2284 1348 2374 1386 dare

108 1422 231 1462 posse,
260 1422 339 1448 non
368 1423 390 1448 a
418 1410 492 1448 diis
520 1411 751 1461 impetravit,
791 1415 833 1448 ut
861 1410 1000 1454 omine,
1027 1414 1221 1460 portento,
1249 1410 1422 1459 auspicio
1466 1421 1527 1447 res
1562 1410 1713 1448 futuras
1752 1411 1880 1449 animo
1919 1411 2181 1461 prospiceret?
2234 1411 2373 1449 Tribus

108 1474 227 1524 igitur
254 1473 314 1510 his
338 1474 378 1510 in
406 1473 522 1511 rebus
551 1474 826 1511 commercium
854 1473 1013 1511 deorum
1043 1477 1079 1510 et
1107 1473 1309 1511 hominum
1338 1474 1518 1522 cernitur,
1548 1485 1634 1521 una,
1664 1474 1768 1524 quod
1802 1474 1855 1511 dii
1889 1479 1980 1512 sunt
2017 1475 2220 1513 hominum
2247 1475 2372 1523 amici,

108 1538 215 1585 socii,
244 1537 382 1575 salutis
410 1542 603 1583 auctores3
634 1537 764 1585 altera,
795 1536 899 1587 quod
926 1537 1119 1574 intersunt
1138 1548 1217 1573 non
1244 1536 1358 1574 modo
1378 1536 1559 1574 omnibus
1586 1537 1780 1586 praeclare
1808 1537 1924 1575 rebus
1943 1538 2135 1588 gerendis,
2162 1538 2231 1576 sed
2259 1540 2374 1576 etiam

110 1612 244 1639 eorum
274 1601 423 1645 coenis;
470 1600 593 1648 tertia,
637 1600 741 1650 quod
770 1611 859 1637 cum
900 1598 1123 1637 hominibus
1160 1599 1356 1648 quandam
1384 1599 1601 1637 futurarum
1632 1612 1760 1638 rerum
1789 1601 2076 1639 communicant
2104 1601 2373 1651 cognitionem.

109 1662 249 1713 Quare,
277 1663 309 1701 si
340 1662 542 1701 hominum
570 1662 659 1700 odia
687 1673 847 1711 amores,
875 1662 1064 1701 sententia
1092 1660 1188 1700 fides
1218 1661 1460 1700 affirmantur
1487 1663 1808 1701 consentientium
1844 1676 1932 1702 011111
1967 1663 2191 1702 hominibus
2220 1663 2267 1703 de
2294 1677 2374 1702 om-

110 1726 227 1764 nibus
256 1727 314 1764 his
341 1726 469 1774 rebus,
499 1731 735 1775 quantopere
763 1732 945 1775 putamus
973 1725 1139 1763 hominis
1168 1725 1367 1762 Homerici
1399 1730 1569 1763 erectum
1596 1726 1715 1764 fuisse
1735 1728 1908 1764 animum
1936 1727 1985 1764 ad
2013 1739 2164 1765 summa
2193 1739 2370 1778 quaeque

108 1789 330 1840 spectanda,
360 1793 505 1839 quanto
533 1788 677 1839 gaudio
705 1788 923 1826 exsultasse
951 1788 1141 1826 credentis
1169 1788 1276 1825 illius
1306 1788 1475 1838 quidem,
1504 1789 1657 1826 nullum
1685 1802 1706 1826 a
1727 1802 1768 1827 se
1796 1789 1918 1827 subiri
1946 1790 2175 1841 periculum,
2204 1803 2281 1841 quo
2310 1791 2375 1829 de-

108 1854 336 1903 fungentcm
377 1854 507 1903 ipsum
534 1865 613 1890 non
642 1852 696 1889 dii
738 1852 978 1900 adiuvarent,
1006 1852 1155 1889 nullam
1195 1865 1217 1889 a
1252 1864 1292 1889 se
1328 1852 1473 1902 percipi
1508 1852 1756 1902 voluptatem,
1793 1865 1868 1903 qua
1904 1865 1982 1890 non
2016 1853 2069 1891 dii
2108 1854 2182 1904 ipsi
2218 1865 2375 1904 quoque

108 1917 341 1963 fruerentur,
369 1916 518 1953 nullam
547 1915 622 1952 sibi
650 1927 732 1952 rem
751 1916 970 1965 graviorem
989 1915 1163 1952 accidere
1190 1927 1314 1965 posse,
1344 1926 1444 1964 quae
1471 1926 1550 1951 non
1579 1927 1601 1951 a
1621 1915 1694 1952 diis
1723 1916 2044 1965 portenderetur?
2100 1915 2228 1953 Facile
2255 1917 2374 1966 igitur

109 1979 359 2029 intellegitur,
388 1991 506 2029 quam
534 1979 609 2016 late
636 1981 765 2028 pateat
793 1977 954 2015 deorum
983 1977 1121 2015 cultus.

299 2052 438 2103 Neque
476 2053 580 2090 enim
609 2052 702 2090 satis
730 2051 867 2090 habuit
904 2052 1020 2090 homo
1048 2051 1281 2090 Homericus
1315 2050 1496 2102 precibus
1539 2050 1769 2089 adhibendis
1808 2052 1899 2091 deos
1940 2052 2107 2091 coluisse
2151 2056 2217 2090 aut
2255 2052 2373 2091 sacris

110 2116 309 2164 faciendis,
338 2116 406 2154 sed
434 2127 483 2154 ne
510 2127 686 2166 unquam
714 2116 874 2153 deorum
904 2115 1208 2164 oblivisceretur,
1242 2118 1400 2153 cautum
1429 2125 1512 2152 esse
1540 2125 1585 2151 eo
1614 2114 1777 2164 w‘detur,
1813 2114 1918 2165 quod
1953 2126 2086 2154 omnes
2124 2115 2202 2153 fere
2239 2115 2280 2152 in
2310 2126 2374 2154 ore

103 2179 298 2217 habebant
327 2178 473 2228 ubique
501 2191 611 2216 sacra
638 2177 793 2227 loca⁸⁷),
822 2191 971 2217 sacram
999 2178 1148 2227 urbem,
1189 2190 1343 2216 sacrum
1377 2178 1522 2225 lucum,
1550 2189 1703 2214 sacrum
1730 2177 1874 2215 fontem
1903 2178 2057 2228 aliaque
2084 2178 2224 2225 multa,
2256 2179 2309 2215 ita
2331 2182 2375 2215 ut

103 2242 251 2295 ubique
280 2242 374 2281 deos
402 2248 601 2293 tamquam
628 2245 850 2294 praesentes
878 2241 1058 2282 sensibus
1087 2245 1297 2281 cernerent.
1353 2240 1475 2280 Erant
1501 2243 1630 2279 autem
1658 2240 1844 2280 sacrificia
1871 2244 1938 2281 aut
1955 2242 2198 2293 precantium
2225 2240 2374 2292 aliquid

105 2318 128 2343 a
155 2306 230 2343 diis
257 2310 324 2343 aut
350 2309 479 2356 grates
506 2306 554 2343 iis
582 2306 782 2356 agentium
810 2310 878 2343 aut
905 2306 1160 2356 expiantium,
1189 2304 1382 2356 quidquid
1402 2304 1588 2342 delictum
1607 2307 1697 2341 erat.
1752 2303 1948 2353 Hector⁶⁸)
1976 2304 2129 2343 Troiam
2156 2304 2376 2355 properavit

105 2370 239 2407 venire
268 2369 495 2406 adhortante
522 2369 675 2407 Heleno
701 2368 885 2417 fratre⁶⁹),
921 2381 998 2419 quo
1026 2381 1140 2406 nemo
1176 2372 1257 2406 erat
1283 2369 1539 2406 Troianorum
1567 2380 1693 2417 augur
1719 2368 1959 2417 praeclarior,
1995 2371 2039 2405 ut
2066 2367 2267 2405 Hecubam
2296 2379 2376 2404 ma-

105 2436 204 2470 trem
230 2431 381 2471 iuberet
408 2436 602 2471 matronas
629 2431 813 2470 Troianas
841 2432 884 2470 in
911 2432 1099 2483 templum
1119 2431 1319 2470 Minervae
1342 2441 1567 2479 convocare,
1597 2441 1696 2480 quae
1724 2443 1745 2468 a
1773 2430 1843 2470 dea
1869 2434 2130 2483 precarentur,
2157 2442 2207 2469 ne
2235 2443 2256 2469 a
2284 2429 2377 2469 Dio-

106 2495 219 2533 mede
248 2495 297 2532 ad
324 2496 628 2533 internecionem
655 2496 775 2533 deleri
802 2495 987 2533 Troianos
1015 2497 1166 2533 sineret.
1222 2493 1450 2541 Achilles⁷⁰)
1486 2507 1509 2531 a
1546 2493 1641 2531 Iove
1675 2493 1854 2544 precibus
1887 2495 2093 2546 impetrare
2127 2506 2204 2532 non
2240 2495 2375 2545 potuit,

104 2563 149 2597 ut
176 2558 378 2597 Patroclus
412 2560 497 2598 loco
530 2560 653 2610 ipsius
687 2572 777 2598 011111
806 2560 981 2598 Troianis
1015 2572 1194 2610 pugnans
1228 2562 1457 2597 servaretur.
1512 2555 1711 2603 Priami⁷1>
1748 2559 1918 2607 parantis
1945 2558 2138 2608 proficisci
2175 2558 2217 2595 in
2254 2561 2378 2595 castra

104 2622 359 2671 Achivorum,
388 2625 431 2660 ut
458 2622 506 2660 ab
534 2622 689 2661 Achille
726 2634 867 2674 corpus
894 2621 1074 2661 Hectoris
1102 2622 1369 2673 sepeliendum
1397 2621 1597 2671 acciperet,
1632 2632 1755 2670 quum
1786 2620 1921 2660 Iovem
1948 2624 2104 2668 orasset,
2131 2624 2175 2659 ut
2201 2620 2376 2659 faustum

105 2686 182 2723 sibi
209 2687 366 2736 signum
395 2686 512 2735 daret,
551 2686 682 2737 aquila
717 2687 856 2724 dextra
882 2686 1037 2723 volante
1070 2685 1319 2723 confirmatus
1347 2688 1406 2723 est
1433 2684 1597 2721 animus.
1652 2681 1882 2734 Saepissime
1915 2683 1969 2733 fit,
1997 2688 2044 2722 ut
2075 2684 2150 2721 viri
2176 2682 2376 2721 fortissimi

108 2748 181 2787 deo
210 2748 328 2786 alicui
356 2750 589 2799 promittant,
618 2751 651 2788 si
679 2750 828 2787 hostem
856 2749 1031 2797 vicerint,
1058 2760 1099 2786 se
1128 2749 1326 2785 victimam
1354 2746 1621 2784 immolaturos
1647 2758 1740 2784 0880.
1795 2746 2090 2797 Nonnunquam
2116 2747 2376 2796 precationem

104 2812 231 2863 ipsam
259 2811 389 2850 valere
416 2811 465 2850 ad
483 2812 747 2864 implorandos
776 2811 869 2851 deos
889 2810 1061 2850 credunt.
1117 2810 1237 2850 Velut
1255 2809 1400 2849 Achivi
1427 2811 1472 2847 ut
1491 2808 1595 2848 Aiax
1621 2808 1830 2848 Hectorem
1857 2809 2040 2860 vinceret,
2068 2821 2092 2848 a
2112 2808 2206 2848 Iove
2232 2810 2378 2861 precati

105 2879 198 2913 sunt
225 2887 297 2913 nec
332 2879 467 2912 votum
501 2875 739 2922 fecerunt⁷².)
800 2876 1027 2914 Pestilentia
1068 2875 1212 2913 Achivi
1251 2873 1440 2913 beneficio
1475 2873 1669 2924 Apollinis
1702 2873 1855 2912 liberati
1895 2873 1944 2911 ad
1977 2872 2219 2924 expiandum
2252 2873 2379 2912 scelus

106 2938 212 2988 quod
245 2939 484 2988 Agamenmo
516 2940 768 2989 commiserat,
797 2952 920 2991 quum
956 2940 1140 2977 iniuriam
1171 2937 1354 2987 Chrysae,
1382 2936 1571 2975 sacerdoti
1590 2936 1796 2987 Apollinis,
1823 2936 1986 2986 fecisset,
2013 2936 2135 2974 filiam
2159 2936 2193 2973 ei
2219 2935 2379 2975 reddere

105 3001 254 3050 nolens,
284 3013 361 3039 non
391 3001 506 3040 modo
542 3002 635 3040 lauti
665 3006 756 3041 sunt
791 3024 842 3030 —
880 3002 977 3040 mari
1012 3002 1115 3040 enim
1149 3001 1290 3048 omnia,
1330 3011 1429 3051 quae
1465 2999 1605 3038 violata
1638 3003 1757 3049 erant,
1791 3000 1941 3051 expiari
1969 2998 2206 3051 putabantur
2232 3020 2283 3025 -—
2311 2999 2379 3039 sed
