2519 3449
1214 141 1265 179 23
1334 197 1364 199 „-

114 335 171 371 est
209 344 232 370 a
268 332 422 379 timore,
463 329 507 367 in
544 340 621 379 quo
661 330 729 379 qui
769 332 861 367 sunt
898 333 1053 380 cavent,
1091 341 1142 369 ne
1179 330 1279 369 male
1321 330 1368 369 de
1406 330 1501 380 ipsis
1542 329 1756 368 homines
1797 329 2029 368 existiment.
2096 327 2219 374 Quem
2257 328 2379 379 igitur

111 395 314 432 hominum
338 392 638 431 Homericorum
677 392 725 429 ad
766 393 952 431 honorem
989 394 1198 443 petendum
1232 394 1417 431 idoneum
1455 393 1576 430 fuisse
1616 393 1913 430 existimamus?
1968 392 2117 442 Nempe
2154 405 2233 430 non
2275 402 2378 440 eum,

113 469 229 508 quem
255 468 383 507 neque
410 454 571 493 deorum
600 466 726 505 neque
753 455 955 494 hominum
981 456 1134 507 pudeat.
1188 456 1288 495 Nam
1315 456 1569 507 postulamus,
1596 459 1640 494 ut
1658 455 1902 504 concedatur,
1930 455 2116 493 honorem
2144 454 2191 493 ab
2219 455 2377 493 homine

110 520 318 560 Homerico
345 517 522 556 habitum
549 517 670 556 fuisse
696 518 846 557 nullius
872 519 996 569 pretii,
1024 519 1102 557 nisi
1127 519 1176 557 iis
1202 518 1447 568 tn'bueretur,
1476 519 1545 570 qui
1573 529 1617 557 eo
1637 517 1745 569 digni
1773 521 1911 563 essent,
1939 518 2016 556 nisi
2043 529 2135 556 vero
2163 518 2374 567 existimas,

109 584 177 622 illa
205 585 326 621 aetate
352 591 480 619 mores
507 581 736 631 praecipites
763 582 819 619 ire
847 582 1019 633 coepisse
1046 586 1113 620 aut
1152 594 1286 621 eorum
1314 586 1460 620 tantam
1486 582 1607 621 fuisse
1635 581 1904 632 corruptelam,
1944 584 1987 619 ut
2025 580 2190 619 honores
2217 581 2374 620 venales

110 646 354 693 haberentur,
381 647 426 681 ut
454 644 522 694 qui
540 644 616 681 viri
631 645 806 682 uoniam
826 648 985 683 essent
1011 645 1104 683 boni
1122 649 1190 684 aut
1208 645 1330 696 probi,
1358 658 1480 696 quum
1506 645 1670 683 videri
1698 644 1853 693 vellent,
1881 643 2174 682 simulationum
2202 649 2374 683 amantes

108 710 152 747 in
179 706 391 746 honoribus
432 706 495 744 vel
537 705 676 745 dandis
716 707 779 745 vel
807 707 1041 758 accipiendis
1069 711 1291 759 tegumenta
1327 708 1453 746 omnis
1494 708 1690 759 nequitiae
1724 711 1963 758 quaererent„
2017 708 2078 745 Ac
2104 718 2154 745 ne
2186 707 2373 758 pudicitia

111 772 267 822 quidem
284 770 453 808 hominis
472 769 669 808 Homerici
698 782 743 809 ea
768 775 859 820 erat,
886 778 930 809 ut
957 771 1124 810 coeundi
1142 773 1354 822 appetitum
1381 771 1626 810 simulatione
1653 771 1866 809 sanctitatis
1886 773 1953 808 aut
1973 769 2137 808 dicendo
2166 770 2372 820 obtegeret,

109 834 177 873 sed
205 836 326 884 quum
353 833 393 870 in
422 831 602 870 omnibus
630 832 757 883 rebus,
798 837 882 872 tum
908 834 950 872 in
981 834 1176 885 voluptate
1203 835 1389 873 amatoria
1414 834 1534 872 nimia
1571 834 1802 884 cogitatione
1846 836 1913 871 aut
1957 832 2187 871 libidinibus
2212 837 2372 872 naturae

107 897 258 948 legibus
285 895 593 945 repugnantibus
619 908 698 933 non
722 897 930 946 impeditus
950 901 1017 946 est,
1046 899 1142 947 quin
1174 902 1317 935 rectam
1346 898 1448 934 viam
1476 897 1751 947 ingrederetur.
1808 896 1935 941 Quare
1958 900 2228 946 praeterquam
2257 897 2372 947 quod,

110 971 208 1010 quae
235 958 428 996 naturalia
455 961 592 1006 essent,
620 958 735 996 homo
759 958 992 997 Homericus
1020 960 1148 1010 turpia
1166 971 1249 998 esse
1268 960 1489 998 existimare
1515 970 1594 996 non
1613 960 1748 1010 potuit,
1778 962 1949 997 ceterum
1977 970 2100 1009 quum
2128 970 2241 997 nemo
2259 963 2372 1010 poeta

107 1021 385 1073 vituperandus
413 1021 472 1070 sit,
502 1021 607 1072 quod
633 1022 675 1060 in
702 1022 925 1061 hominibus
965 1034 1179 1074 eorumque
1218 1022 1393 1061 moribus
1421 1021 1683 1061 describendis
1710 1022 1811 1059 nihil
1829 1025 1976 1072 spectat
2003 1022 2090 1070 nisi,
2119 1033 2169 1060 ne
2197 1034 2371 1074 unquam

107 1099 130 1123 a
155 1086 315 1122 veritate
343 1084 530 1133 deflectat,
558 1096 607 1122 ne
634 1085 805 1123 Homero
847 1086 1005 1136 quidem
1033 1086 1277 1124 obiciendum
1307 1090 1375 1135 est,
1414 1086 1518 1136 quod
1545 1086 1608 1122 vel
1646 1086 1738 1123 deos
1776 1085 1839 1122 vel
1877 1085 2052 1122 homines
2092 1097 2163 1122 suo
2200 1090 2371 1136 tempore

107 1152 144 1188 et
170 1160 242 1187 suo
269 1147 354 1186 loco
383 1147 612 1198 cupiditates
653 1149 854 1199 explentes
893 1148 993 1187 facit.
1047 1149 1168 1187 Testis
1209 1153 1267 1187 est
1293 1148 1550 1200 Iuppiter,¹4⁸)
1591 1149 1659 1199 qui
1698 1152 1811 1187 nocte
1852 1152 2054 1198 appetente
2092 1161 2182 1186 cum
2219 1148 2371 1188 Iunone

107 1209 362 1250 concumbere
389 1209 494 1249 solet.
550 1209 679 1257 Quid?
722 1211 911 1251 Alcinous
939 1215 976 1250 et
1002 1212 1120 1251 Arete
1147 1223 1277 1251 nonne
1294 1212 1386 1251 item
1413 1223 1454 1251 se
1471 1211 1712 1264 gerunt?14⁹)
1767 1211 1915 1263 Itaque,
1944 1215 1987 1250 ut
2005 1211 2119 1263 plura
2145 1223 2224 1250 non
2244 1211 2370 1251 dicam

105 1286 203 1312 neve
231 1274 316 1311 aliis
344 1274 533 1324 exemplis
562 1275 797 1322 confirmem,
826 1288 943 1325 quam
970 1287 1019 1313 ne
1047 1277 1087 1312 in
1115 1276 1187 1313 hac
1214 1276 1372 1325 quidem
1399 1287 1440 1313 re
1468 1275 1714 1325 explananda
1740 1275 1935 1312 Homerus
1976 1275 2129 1312 recedat
2156 1288 2179 1312 a
2207 1287 2369 1313 consue-

104 1337 239 1377 tudine
266 1335 472 1375 enarrandi
500 1336 678 1376 distincte
713 1341 750 1376 et
777 1337 980 1377 distribute
1008 1339 1148 1387 omnia,
1186 1350 1285 1389 quae
1313 1339 1391 1377 sint
1416 1339 1456 1376 in
1485 1338 1620 1377 ordine
1647 1342 1685 1376 et
1719 1338 1802 1389 lege
1828 1341 1990 1376 naturae
2018 1339 2152 1389 posita,
2193 1343 2369 1377 sumatur

104 1400 328 1451 exemplum
355 1400 531 1451 egregiae
557 1401 786 1452 integritatis
814 1414 836 1439 a
863 1406 985 1440 matre
1012 1401 1178 1440 Achillis
1204 1401 1330 1440 filium
1358 1401 1599 1451 admonente,
1627 1413 1676 1439 ne
1703 1401 1858 1452 longius
1878 1401 2010 1440 dolore
2029 1401 2196 1440 Patrocli
2224 1403 2367 1441 mortui

104 1469 239 1515 captus
265 1464 485 1514 neglegeret
511 1476 599 1502 cum
627 1465 758 1515 puella
785 1476 925 1515 corpus
953 1464 1288 1514 com1niscere.¹⁶⁰)
1343 1466 1397 1503 At
1424 1468 1516 1503 sunt
1543 1465 1717 1515 Iuppiter
1744 1470 1781 1503 et
1808 1465 1917 1503 Paris
1954 1465 2050 1503 adeo
2078 1477 2157 1503 non
2184 1466 2366 1504 libidines

104 1527 267 1565 domitas
309 1526 505 1575 habentes,
543 1530 588 1565 ut
628 1527 695 1565 ille
736 1527 809 1565 sub
851 1528 941 1566 divo
981 1530 1020 1566 in
1064 1529 1234 1567 culmine
1275 1529 1416 1566 montis
1454 1527 1547 1565 Idae
1574 1539 1734 1566 versans
1762 1540 1841 1565 non
1868 1527 2071 1566 erubescat
2097 1540 2187 1566 cum
2215 1528 2365 1567 Iunone

103 1589 287 1640 coire,¹⁶¹)
315 1590 379 1628 hic
405 1590 520 1629 modo
548 1591 675 1629 victus
702 1604 725 1629 a
742 1590 919 1630 Menelao
937 1591 1118 1643 idemque
1136 1595 1311 1630 servatus
1333 1604 1356 1630 a
1375 1590 1526 1629 Venere
1545 1591 1773 1642 complexus
1792 1603 1977 1630 venereos
2004 1603 2082 1629 non
2110 1590 2363 1641 fastidiat.¹⁶¹)

103 1653 198 1699 Quis
224 1654 366 1703 negat?
421 1652 497 1692 Sed
524 1654 721 1692 Homerus
749 1666 820 1692 suo
847 1656 932 1693 iure
959 1655 1074 1693 talem
1102 1656 1270 1693 hominis
1297 1659 1477 1693 naturam
1503 1654 1686 1704 depingit,
1715 1655 1842 1705 qualis
1869 1658 1937 1703 est,
1977 1655 2202 1704 praesertim
2231 1667 2364 1704 quum,

102 1715 134 1752 si
162 1727 346 1766 unquam,
374 1715 453 1753 illis
480 1715 576 1754 locis
602 1716 919 1766 praeclarissimis
947 1718 1185 1768 argumentis
1213 1717 1458 1765 demonstret,
1488 1717 1555 1768 qui
1582 1716 1724 1754 factum
1754 1717 1814 1766 sit,
1847 1720 1891 1755 ut
1919 1715 2093 1767 Iuppiter
2120 1722 2157 1755 et
2184 1716 2294 1756 Paris
2321 1718 2363 1755 in

100 1777 302 1815 libidinem
338 1778 625 1816 inducerentur.
633 1778 700 1826 ¹⁶³)
754 1779 892 1829 Neque
932 1781 1036 1817 enim
1078 1780 1242 1818 dubium
1283 1784 1351 1828 est,
1393 1781 1488 1830 quin
1517 1779 1702 1830 Iuppiter,
1742 1792 1865 1829 quum
1894 1779 2036 1816 Iunoni
2076 1792 2172 1817 zona
2198 1780 2362 1818 Veneris

101 1839 328 1889 ornatae1⁶4)
356 1841 533 1879 resistere
560 1852 641 1880 non
667 1842 799 1892 possit,
838 1842 1048 1881 libidinum
1074 1842 1265 1881 illecebris
1291 1843 1497 1892 irretiatur,
1525 1854 1571 1881 ac
1598 1842 1716 1880 simili
1743 1841 1858 1880 modo
1887 1841 1998 1880 Paris
2036 1846 2213 1893 acceptae
2240 1843 2360 1882 cladis

101 1914 180 1940 non
208 1904 411 1941 immemor
438 1905 612 1941 animum
638 1916 754 1942 suum
782 1905 980 1955 voluptate
1018 1906 1130 1956 quasi
1157 1905 1371 1943 obtundere
1398 1905 1536 1943 studet.
1592 1905 1752 1955 Verum,
1793 1910 1837 1943 ut
1870 1916 1926 1954 eo,
1966 1905 2072 1943 unde
2099 1905 2278 1956 degressa
2304 1909 2362 1944 est

98 1965 235 2004 referat
262 1977 303 2005 se
331 1967 463 2016 orati0,
502 1966 710 2006 dicendum
737 1971 805 2017 est,
848 1967 991 2018 quibus
1018 1967 1228 2006 virtutibus
1267 1968 1296 2005 ii
1323 1967 1486 2019 praediti
1512 1967 1667 2017 fuerint,
1710 1968 1777 2018 qui
1804 1967 2018 2006 honoribus
2045 1967 2167 2006 affecti
2196 1969 2283 2017 sint,
2322 1973 2360 2008 et

100 2028 232 2079 quales
259 2028 403 2067 fuerint
425 2029 601 2069 honores.

283 2102 566 2142 Fortitudinem
604 2108 734 2142 autem
762 2106 935 2143 omnium
977 2105 1165 2143 virtutum
1192 2116 1385 2143 summam
1424 2103 1472 2142 ab
1500 2104 1656 2142 homine
1683 2103 1891 2143 Homerico
1925 2104 2094 2142 habitam
2132 2115 2216 2142 esse
2243 2116 2359 2143 nemo

95 2167 152 2202 est
180 2165 275 2215 quin
302 2165 441 2204 videat.
498 2165 605 2213 Quae
632 2168 736 2206 enim
764 2172 822 2206 est
854 2169 990 2218 virtus,
1026 2180 1125 2219 quae
1152 2169 1276 2219 magis
1304 2166 1534 2218 respondeat
1560 2167 1735 2217 personis
1764 2179 1909 2217 eorum,
1951 2168 2018 2218 qui
2045 2167 2221 2217 heroicis,
2257 2179 2357 2219 quae

93 2233 291 2288 vocantur,
330 2229 568 2281 temporibus
595 2230 779 2269 fuerunt?
834 2229 984 2277 Quibus
1012 2231 1251 2282 temporibus
1278 2234 1409 2270 tantus
1428 2234 1486 2270 est
1503 2232 1678 2270 omnium
1697 2243 1920 2281 consensus,
1947 2235 1992 2270 ut
2017 2231 2115 2270 nihil
2143 2231 2355 2282 quisquam

91 2289 236 2328 factum
275 2292 380 2342 velit,
416 2293 521 2344 quod
553 2306 634 2332 non
672 2294 853 2332 omnibus
891 2294 1084 2345 probetur.
1138 2294 1275 2345 Itaque
1316 2295 1421 2345 quod
1456 2294 1598 2332 Achivi
1630 2294 1781 2333 Troiam
1815 2297 2137 2345 oppugnaverunt
2171 2297 2209 2332 et
2249 2295 2357 2345 quod

96 2352 235 2391 Ulixes
262 2367 470 2405 procorum
497 2357 689 2395 maleficia
716 2357 939 2407 vindicavit,
978 2359 1018 2395 in
1046 2358 1094 2395 iis
1121 2357 1238 2396 rebus
1265 2357 1445 2408 gerendis
1473 2357 1521 2395 ab
1550 2358 1694 2407 optimo
1723 2368 1877 2407 quoque
1911 2369 1987 2394 non
2015 2356 2130 2394 modo
2156 2357 2353 2407 laudatus,

93 2415 161 2453 sed
188 2417 303 2455 etiam
331 2419 487 2458 adiutus
516 2424 573 2459 est
583 2434 594 2469 3
624 2420 804 2459 videlicet
830 2433 943 2460 nemo
986 2424 1067 2459 erat
1092 2422 1154 2459 vir
1179 2420 1317 2470 bonus,
1355 2422 1468 2459 cuius
1506 2433 1586 2459 non
1612 2421 1780 2459 multum
1820 2421 2029 2469 interesset,
2057 2424 2112 2469 ut,
2154 2422 2223 2471 qui
2264 2422 2351 2460 iura

92 2477 224 2516 divina
256 2484 294 2517 et
334 2481 505 2520 humana
537 2483 862 2533 permiscuissent,
906 2484 1147 2534 punirentur.
1200 2483 1234 2521 N
1239 2495 1282 2521 ec
1326 2484 1456 2521 minus
1489 2482 1669 2521 Hectoris
1712 2484 1885 2534 eiusque·
1916 2483 2112 2521 sociorum
2158 2483 2260 2522 facta
2305 2484 2354 2522 ab

90 2540 270 2579 omnibus
295 2545 426 2593 magni
447 2545 759 2594 aestimabantur,
788 2547 931 2596 quippe
959 2558 1080 2596 quum
1104 2546 1259 2584 Troiani
1276 2547 1351 2596 ipsi
1385 2557 1540 2596 quoque
1573 2546 1670 2583 nihil
1690 2545 1796 2583 aliud
1826 2545 2006 2594 facerent,
2034 2558 2153 2596 quam
2180 2548 2355 2596 patriam,

88 2601 241 2652 liberos,
298 2606 483 2657 coniuges
535 2607 791 2646 defenderent.
865 2608 972 2647 Num
1011 2609 1131 2660 igitur
1174 2609 1327 2658 mirum,
1382 2608 1488 2659 quod
1533 2621 1648 2659 quam
1689 2609 1870 2646 virtutem
1916 2607 1964 2645 ab
2006 2608 2189 2647 omnibus
2232 2609 2353 2648 solam

87 2665 384 2715 praedicandam
425 2673 462 2708 et
501 2670 686 2710 laudibus
732 2671 996 2710 extollendam
1040 2672 1168 2722 putari
1206 2671 1399 2720 viderunt,
1445 2671 1480 2709 ei
1521 2669 1703 2709 colendae
1748 2680 1904 2719 operam
1951 2669 2144 2709 dederunt
2190 2671 2352 2709 omnes?

87 2725 225 2777 Neque
275 2730 379 2768 enim
423 2744 469 2770 ea
520 2734 646 2773 virtus
698 2746 721 2772 a
776 2734 923 2772 iustitia
971 2738 1039 2772 aut
1083 2747 1106 2772 a
1160 2734 1349 2785 probitate
1394 2739 1461 2772 aut
1514 2746 1536 2771 a
1588 2733 1759 2771 veritatis
1811 2732 2016 2781 amorem)
2060 2733 2176 2784 plane
2229 2745 2352 2772 vacua

87 2793 177 2839 erat,
218 2790 286 2829 sed
327 2804 382 2844 ea,
421 2807 509 2846 qua,
551 2797 619 2848 qui
656 2797 870 2835 instructus
911 2801 1002 2848 erat,
1043 2809 1159 2836 suum
1199 2808 1439 2849 suorumque
1476 2797 1539 2835 ius
1577 2796 1633 2834 ita
1670 2798 1977 2847 persequeretur,
2022 2800 2076 2846 ut,
2127 2797 2350 2848 praesertim

87 2852 256 2891 confisus
283 2859 454 2906 corporis
480 2859 629 2910 robore,
655 2861 754 2899 nihil
782 2860 997 2900 timendum
1024 2861 1272 2911 existimaret,
1301 2859 1509 2899 dummodo
1537 2859 1586 2897 ad
1613 2859 1791 2897 effectum
1818 2859 2038 2910 adduceret,
2067 2860 2172 2911 quod
2190 2861 2349 2909 iustum,

87 2914 191 2965 quod
208 2916 302 2955 ‘viro
328 2922 575 2970 magnanimo
604 2922 776 2974 dignum,
817 2922 921 2974 quod
949 2922 1024 2962 sibi
1065 2923 1225 2975 suisque
1251 2923 1347 2962 utile
1385 2933 1467 2961 esse
1499 2921 1696 2960 iudicaret.
1750 2922 1882 2973 Atque
1921 2923 2071 2961 occasio
2110 2922 2347 2962 fortitudinis

84 2978 336 3028 praestandae
361 2984 440 3019 tam
467 2984 601 3022 crebro
630 2985 718 3023 data
745 2990 836 3034 erat,
864 2991 908 3024 ut
934 2986 983 3024 ad
1011 2988 1221 3025 certamina
1255 2986 1467 3035 singularia
1504 2996 1581 3022 non
1612 2985 1890 3023 descenderent
1927 2986 2003 3023 nisi
2043 2997 2133 3024 cum
2170 2985 2347 3024 hostibus

2219 3058 2258 3088 3*
