2519 3449
1250 167 1276 207 5

327 362 387 400 Ac
412 361 582 413 primum
603 357 760 409 quidem
777 368 908 395 rerum
925 360 1103 395 naturam
1123 356 1422 407 consideremus,
1450 369 1566 408 quam
1596 355 1753 407 quidem
1770 356 1886 395 homo
1904 355 2137 395 Homericus
2158 354 2394 405 cognoverit.

141 423 228 471 Qua
253 425 295 462 in
321 437 362 463 re
389 422 621 476 exponenda
647 433 863 470 caveamus,
896 432 946 459 ne
972 432 1018 459 ea
1045 432 1148 471 quae
1172 421 1287 459 homo
1314 420 1546 460 Homericus
1573 421 1648 459 sibi
1675 420 1783 458 visus
1817 424 1876 458 est
1906 421 2016 469 scire,
2049 418 2098 457 ad
2126 422 2245 456 artem
2272 417 2395 456 ullam

137 490 208 527 aut
234 487 449 527 doctrinam
475 485 523 525 ab
552 496 597 524 eo
624 483 778 523 redacta
805 494 888 522 esse
916 484 1128 535 opinemur.
1182 482 1284 523 Nam
1308 483 1399 523 licet
1424 483 1524 523 illud
1556 495 1680 535 genus
1708 483 1910 522 hominum
1937 482 2043 521 haud
2070 482 2124 520 ita
2149 480 2246 520 rude
2273 481 2391 520 fuerit

138 552 281 589 artium
306 551 537 599 liberalium,
565 549 607 586 in
635 546 778 598 quibus
804 547 1046 585 numeranda
1069 550 1161 585 sunt
1193 547 1344 585 saltatio
1376 551 1414 585 et
1440 548 1622 597 carmina,
1656 559 1754 598 quae
1786 548 1828 585 in
1862 547 1988 598 epulis
2023 551 2060 584 et
2094 545 2316 583 Phaeacum
2350 548 2387 582 et

137 627 344 665 procorum
354 613 567 663 Penelopes
586 614 789 660 canuntur,
807 614 935 648 tamen
954 610 1086 649 literae
1103 610 1172 648 illa
1185 613 1308 648 aetate
1326 611 1499 649 animum
1512 611 1625 649 liberi
1644 611 1811 649 hominis
1826 622 1961 661 capere
1979 609 2155 647 nondum
2173 612 2392 658 potuerunt.

139 676 270 724 Quid?
312 688 477 729 quorum
505 686 551 713 ea
576 673 727 712 indoles
755 676 845 722 erat,
872 676 917 711 ut
943 684 1022 711 non
1055 684 1285 723 persuasum
1317 672 1511 723 haberent,
1544 673 1786 725 praeclarum
1819 685 1902 712 esse
1935 676 2084 722 natura,
2119 672 2239 710 literis
2269 675 2392 709 totum

136 754 179 781 se
206 742 307 791 dare,
334 754 431 780 num
456 740 485 777 ii
512 737 762 777 existimandi
788 740 881 775 sunt
906 737 1048 774 versati
1076 747 1159 775 esse
1185 737 1228 774 in
1255 739 1357 774 certo
1386 737 1553 787 quodam
1580 738 1780 775 literarum
1806 738 1973 788 genere?
2028 736 2166 787 Itaque
2197 735 2282 773 fieri
2314 747 2395 772 11011

137 807 272 857 potuit,
301 806 397 857 quin
423 813 550 853 neque
578 801 708 839 omnia
733 801 936 838 literarum
962 812 1105 851 genera
1131 801 1260 838 animo
1287 800 1633 851 complecterentur
1665 813 1793 851 neque
1826 813 1869 839 ea
1903 805 2007 839 arcto
2036 799 2205 850 quodam
2233 798 2391 836 vinculo

137 869 239 907 inter
276 879 317 906 se
355 866 533 918 copulata
570 876 654 903 esse
692 864 900 902 crederent.
953 863 1091 913 Neque
1123 874 1215 901 vero
1247 863 1289 900 in
1322 866 1444 901 terrae
1476 863 1650 913 partibus
1685 863 1948 901 describendis
1981 874 2109 912 neque
2144 863 2184 899 in
2218 861 2391 899 siderum

136 930 306 968 motibus
332 927 639 967 demonstrandis
666 938 794 976 neque
820 927 862 963 in
894 926 1012 964 rebus
1038 927 1155 976 gestis
1181 925 1405 964 enarrandis
1428 925 1505 964 fide
1532 926 1674 977 dignus
1703 926 1858 963 videtur
1884 937 1967 963 esse
1994 925 2199 963 Homerus.
2251 922 2395 969 Quam—

136 1006 255 1044 quam
275 992 368 1044 quid
397 1003 494 1042 opus
514 994 571 1028 est
595 990 707 1040 plura
726 990 773 1028 de
792 991 863 1027 hac
882 1001 923 1027 re
943 989 1095 1027 dicere?
1141 989 1346 1027 Poetarum
1370 989 1515 1027 scilicet
1533 991 1740 1027 auctoritas
1759 1001 1837 1027 non
1857 1000 1902 1027 ea
1920 993 1987 1037 est,
2017 1000 2116 1038 quae
2135 989 2176 1025 in
2196 987 2394 1025 doctrinae

133 1056 263 1095 studio
298 1055 432 1093 valeat.
487 1052 590 1099 Quid
623 1053 821 1092 literarum
854 1053 1038 1102 inventio,
1073 1063 1172 1103 quae
1206 1051 1446 1090 Phoenicum
1472 1053 1626 1103 propria
1659 1064 1743 1090 esse
1772 1052 1923 1101 dicitur,
1957 1051 2108 1090 effecit?
2163 1051 2312 1101 Nempe
2345 1054 2390 1089 ut

135 1133 260 1172 quum
290 1118 434 1158 multae
460 1129 533 1167 res,
566 1120 650 1155 tum
676 1129 731 1167 ea,
760 1129 859 1168 quae
913 1129 936 1155 a
962 1117 1055 1155 viris
1084 1116 1206 1155 doctis
1239 1117 1469 1167 investigata
1500 1120 1538 1155 et
1564 1116 1745 1167 indagata
1779 1119 1898 1164 erant,
1943 1116 2106 1166 posteris
2140 1115 2392 1154 traderentur.

138 1185 193 1223 At
211 1195 302 1222 vero
325 1183 440 1221 homo
458 1181 690 1220 Homericus
719 1193 841 1232 quum
868 1192 995 1231 neque
1023 1181 1096 1219 hoc
1115 1192 1214 1218 onus
1239 1180 1397 1231 gravius
1417 1180 1542 1218 Aetna
1561 1183 1791 1219 sustentaret
1818 1191 1946 1230 neque
1965 1181 2047 1230 ipse
2066 1179 2233 1218 scribere
2252 1183 2392 1229 posset,

137 1251 290 1286 tantum
309 1246 452 1294 didicit,
480 1248 670 1295 quantum
688 1246 873 1282 memoria
899 1248 1029 1282 tenere
1046 1244 1180 1294 potuit.
1226 1242 1353 1288 Quare
1371 1255 1498 1293 neque
1524 1243 1566 1280 id
1583 1243 1757 1281 studium
1784 1244 1995 1291 literarum,
2024 1243 2129 1293 quod
2149 1243 2197 1280 ad
2216 1244 2393 1293 peritiam

145 1311 368 1360 linguarum
394 1308 569 1359 pertinet,
596 1308 759 1358 arripuit
785 1319 857 1346 nec
883 1307 1173 1357 grammaticam
1191 1317 1263 1344 nec
1281 1306 1559 1345 arithmeticam
1583 1306 1730 1345 discere
1759 1306 1917 1344 studuit.
1973 1306 2097 1344 Immo
2119 1318 2208 1344 vero
2236 1306 2276 1343 id
2303 1306 2392 1356 egit,

138 1378 184 1412 ut
217 1385 280 1412 eas
313 1384 374 1410 res
407 1374 626 1422 perspectas
660 1374 698 1409 et
731 1371 903 1421 cognitas
930 1369 1097 1419 haberet,
1134 1381 1233 1420 quae
1266 1370 1378 1408 facile
1411 1370 1708 1408 transferrentur
1740 1372 1780 1408 in
1808 1383 1925 1408 usum
1954 1371 2066 1418 vitae,
2102 1382 2152 1408 ex
2181 1369 2323 1419 quibus
2351 1380 2393 1407 se

137 1437 309 1487 aliquam
327 1434 531 1473 utilitatem
558 1437 762 1485 capturum
789 1445 873 1472 esse
891 1436 1051 1484 putaret.
1107 1431 1221 1479 Quod
1246 1433 1299 1471 ita
1317 1444 1412 1482 esse,
1440 1432 1669 1471 documento
1689 1437 1756 1482 est,
1786 1433 1890 1484 quod
1909 1434 2058 1472 nullius
2087 1434 2178 1472 artis
2196 1432 2392 1471 Homerus

136 1501 220 1550 ipse
247 1503 325 1537 tam
352 1498 498 1548 peritus
523 1497 679 1535 videtur
705 1508 798 1545 esse,
828 1508 945 1546 quam
972 1497 1067 1544 eius,
1095 1507 1195 1545 quae
1221 1499 1398 1533 versatur
1424 1496 1465 1532 in
1493 1495 1718 1545 corporibus
1746 1501 1987 1533 mortuorum
2015 1496 2201 1533 secandis.

327 1560 478 1608 Quibus
504 1559 621 1599 rebus
649 1560 835 1611 expositis
863 1559 955 1598 satis
983 1558 1160 1597 docuisse
1179 1558 1323 1609 videor,
1352 1571 1469 1610 quam
1496 1559 1600 1611 apud
1626 1558 1842 1598 Homerum
1868 1560 2069 1598 scientiam
2087 1560 2150 1598 vel
2179 1560 2392 1598 doctrinam

136 1624 436 1675 intellegendam
463 1635 547 1662 esse
579 1626 769 1673 putemus.
829 1623 946 1661 Nunc
979 1623 1182 1660 veniamus
1209 1622 1259 1660 ad
1283 1634 1373 1660 eum
1399 1623 1529 1661 locum
1556 1622 1856 1673 explanandum.
1889 1634 2005 1673 quem
2038 1628 2130 1661 sunt
2157 1624 2222 1674 qui
2251 1626 2393 1674 negent

136 1688 256 1727 ullius
283 1687 469 1726 momenti
496 1698 579 1726 esse
606 1686 655 1725 ad
682 1687 879 1725 hominem
902 1685 1155 1724 Homericum
1183 1686 1505 1736 cognoscendum.
1552 1685 1701 1724 Infitias
1728 1687 1831 1724 enim
1859 1690 1962 1734 eunt,
1998 1700 2120 1736 quum
2149 1699 2196 1725 ne
2224 1688 2392 1725 nominis

136 1750 295 1801 quidem
321 1753 481 1789 naturae
500 1749 547 1788 ab
566 1749 737 1788 Homero
755 1750 898 1788 mentio
923 1748 1023 1787 facta
1049 1748 1109 1798 sit,
1137 1748 1194 1795 (00
1221 1748 1350 1799 loco,⁶)
1380 1760 1457 1799 quo
1475 1751 1587 1800 poeta
1606 1748 1844 1788 Mercurium
1870 1757 1963 1799 φύσιν
1987 1749 2189 1788 cuiusdam
2209 1749 2393 1789 herbulae

136 1813 462 1851 demonstrantem
489 1812 538 1850 ad
565 1812 723 1850 Ulixem
750 1812 995 1850 liberandum
1022 1824 1045 1849 a
1072 1811 1180 1850 Circe
1208 1813 1242 1850 ei
1269 1812 1430 1851 insidias
1457 1816 1629 1851 struente
1656 1812 1756 1863 facit,
1791 1813 1865 1851 alia
1893 1814 1953 1852 vis
1989 1814 2079 1852 huic
2106 1814 2192 1852 voci
2220 1813 2394 1853 subiecta

134 1875 208 1926 est)
236 1889 328 1926 rem,
357 1889 474 1927 quam
492 1877 565 1914 hac
583 1888 678 1914 voce
706 1876 979 1926 significemus,
1006 1877 1047 1913 in
1074 1876 1271 1914 hominem
1288 1875 1541 1914 Homericum
1569 1876 1715 1914 cadere.
1763 1878 1814 1915 At
1842 1889 1912 1927 ego
1942 1878 2099 1927 quidem
2127 1890 2205 1915 non
2232 1877 2392 1926 affirmo,

134 1939 330 1978 hominem
347 1938 602 1978 Homericum
628 1939 790 1978 e'andem
808 1940 1100 1990 interpretatum
1118 1950 1202 1977 esse
1224 1942 1403 1978 naturam
1422 1951 1540 1990 quam
1558 1952 1640 1989 nos,
1669 1939 1736 1978 sed
1756 1952 1910 1990 quaero,
1938 1953 2032 1978 num
2051 1940 2154 1990 apud
2172 1940 2390 1979 Homerum

133 2003 261 2040 simile
289 2002 474 2052 quiddam
500 2002 668 2040 habeant
693 2003 868 2040 homines
894 2005 1064 2040 naturae.
1109 2002 1158 2039 In
1186 2014 1264 2053 quo
1290 2013 1403 2041 nemo
1423 2002 1573 2040 dubitet
1601 2002 1738 2052 dicere,
1766 2014 1969 2053 nunquam
1987 2006 2163 2041 naturam
2191 2003 2316 2054 ipsam
2346 2003 2395 2041 ab

135 2065 293 2103 homine
320 2065 527 2104 Homerico
555 2070 622 2103 aut
649 2065 846 2104 adoratam
875 2068 941 2102 aut
967 2066 1140 2103 numinis
1165 2065 1250 2102 loco
1278 2065 1449 2102 habitam
1476 2069 1543 2103 aut
1570 2065 1702 2103 divino
1732 2066 1876 2103 honore
1903 2066 2075 2103 affectam
2103 2078 2196 2103 esse.
2245 2065 2390 2111 Quam—

133 2139 252 2178 quam
269 2138 349 2165 non
368 2126 508 2166 desunt
527 2127 717 2179 quaedam
735 2129 897 2179 vestigia
922 2128 1028 2179 apud
1045 2127 1304 2178 Homerum,⁷)
1334 2128 1478 2180 quibus
1497 2132 1665 2181 apparet,
1685 2129 1909 2180 religionem
1929 2128 2164 2168 Graecorum
2183 2129 2395 2180 profectam

132 2202 217 2229 esse
255 2190 302 2228 ab
341 2202 386 2228 ea
411 2192 592 2241 opinione
630 2204 707 2242 qua
740 2193 807 2242 qui
845 2192 984 2230 imbuti
1022 2195 1150 2230 essent
1187 2192 1250 2230 vel
1278 2204 1466 2231 oceanum
1493 2193 1623 2244 ipsum
1650 2193 1713 2231 vel
1741 2197 1880 2231 terram
1908 2192 2106 2231 crederent
2141 2204 2225 2231 esse
2264 2193 2399 2232 divina

133 2254 305 2302 numina,
340 2257 507 2293 attamen
542 2256 576 2293 si
610 2256 698 2305 quis
724 2258 832 2305 putet
860 2267 994 2293 eorum
1019 2256 1218 2304 rationem,
1246 2255 1389 2305 quibus
1415 2256 1575 2305 placeat,
1602 2260 1779 2294 naturam
1808 2267 1891 2293 esse
1926 2255 2052 2303 deum,
2088 2255 2395 2294 confirmandam

132 2326 219 2354 esse
245 2315 431 2366 religione
458 2316 626 2356 hominis
652 2316 861 2367 Homerici,
888 2329 1121 2369 magnopere
1147 2318 1181 2356 is
1209 2319 1402 2356 erraverit

322 2389 404 2427 Nec
431 2391 546 2429 modo
573 2403 653 2429 non
679 2403 748 2441 per
775 2402 816 2429 se
843 2391 1016 2429 divinam
1042 2402 1126 2429 esse
1143 2396 1322 2428 naturam
1349 2391 1464 2429 homo
1482 2391 1714 2429 Homericus
1733 2391 1904 2440 credidit,
1933 2391 2001 2428 sed
2020 2403 2069 2429 ne
2088 2395 2216 2442 aptam
2238 2392 2398 2442 quidem

136 2451 384 2501 existimavit,
420 2464 537 2503 quam
566 2457 634 2492 aut
667 2454 873 2505 diligenter
903 2454 1124 2493 observaret
1156 2457 1223 2492 aut
1248 2453 1481 2493 describeret
1513 2458 1551 2493 et
1583 2455 1815 2505 explanaret.
1870 2453 2009 2505 Itaque
2043 2467 2140 2505 quas
2174 2454 2214 2494 F.
2249 2455 2399 2495 Preller

134 2515 279 2564 optime
311 2516 439 2564 pinxit
469 2516 621 2555 tabulas
648 2517 698 2555 ad
717 2517 931 2566 Odysseam
949 2516 1221 2555 illustrandam
1237 2517 1397 2555 minime
1423 2518 1478 2555 ita
1500 2517 1599 2564 fecit,
1624 2521 1667 2555 ut
1693 2520 1846 2568 poetam
1873 2516 2012 2555 ducem
2032 2517 2096 2555 vel
2123 2518 2166 2556 in
2193 2518 2398 2557 arboribus

137 2579 224 2627 apte
242 2576 476 2616 collocandis
494 2579 558 2617 vel
583 2581 625 2617 111
652 2579 814 2618 floribus
833 2580 1026 2618 sociandis
1044 2583 1286 2630 sequeretur:
1332 2580 1428 2618 adeo
1454 2582 1584 2619 nescio
1619 2592 1695 2631 quo
1722 2584 1834 2631 pacto
1858 2580 2184 2631 necopinantibus
2210 2581 2396 2620 laetitiam

136 2639 335 2690 quandam
354 2640 494 2681 obiecit
510 2643 841 2693 praeclarissimus
858 2644 983 2694 pictor
999 2643 1087 2682 illas
1106 2643 1259 2682 tabulas
1276 2657 1506 2695 proponens.
1551 2644 1651 2683 Nam
1680 2645 1747 2694 qui
1766 2656 1831 2682 eas
1851 2648 2008 2695 spectat,
2027 2645 2113 2683 fieri
2131 2647 2202 2683 vix
2220 2647 2394 2696 potuisse

135 2705 258 2754 putat,
293 2706 337 2741 ut
369 2715 432 2742 res
465 2717 488 2743 a
519 2706 666 2757 pictore
699 2710 788 2745 ante
825 2706 957 2745 oculos
990 2707 1134 2757 positas
1166 2705 1362 2746 Homerus
1395 2707 1558 2747 dicendo
1581 2707 1832 2758 exprimeret.
1895 2705 1972 2754 Qui
2004 2711 2118 2759 poeta
2152 2709 2395 2748 amoenitatis

136 2765 313 2804 locorum
356 2767 439 2817 ipse
475 2771 555 2807 tam
594 2770 803 2821 neglegens
832 2770 987 2808 videtur
1023 2781 1118 2820 esse,
1161 2773 1207 2808 ut
1243 2782 1324 2808 non
1353 2770 1559 2810 descendat
1595 2771 1645 2809 ad
1682 2771 1873 2809 eiusmodi
1912 2771 2202 2823 descriptiones,
2240 2773 2317 2811 nisi
2355 2776 2400 2811 ut

136 2828 385 2879 demonstret,
414 2832 607 2881 quomodo
635 2833 821 2884 adspectu
847 2833 979 2883 aliquo
1005 2833 1121 2871 homo
1148 2833 1198 2871 ad
1224 2834 1374 2885 aliquid
1406 2834 1599 2886 agendum
1633 2838 1700 2873 aut
1732 2838 2023 2874 commoveatur
2056 2840 2123 2874 aut
2154 2835 2399 2886 impediatur.

139 2890 236 2938 Quis
254 2895 322 2942 est,
341 2893 405 2931 cui
423 2905 503 2933 non
516 2898 605 2934 ante
619 2896 752 2935 oculos
765 2898 941 2935 versetur
953 2896 1083 2935 insula
1097 2894 1299 2948 Calypsus,
1319 2911 1398 2949 qua
1414 2898 1512 2937 nihil
1525 2900 1750 2948 potestesse
1768 2899 1970 2938 amoenius
1981 2899 2000 2937 Ρ
2011 2898 2039 2948 ⁸)
2078 2897 2208 2945 Quid?
2227 2899 2399 2948 videsne,

138 2958 184 2993 ut
208 2957 322 3005 poeta
356 2954 459 2994 dicat
484 2956 640 3008 idcirco,
668 2971 746 3009 quo
773 2959 897 3010 magis
923 2958 1181 3009 intellegatur,
1209 2964 1354 3010 quanto
1382 2960 1522 2999 Ulixes
1549 2960 1740 2999 desiderio
1768 2972 1927 3012 asperae
1959 2965 1998 3000 et
2029 2961 2227 3012 lapidosae
2253 2962 2400 3013 patriae

138 3021 356 3057 commotus
394 3018 453 3068 sit,
483 3017 675 3070 Ogygiam
713 3026 792 3060 tam
820 3026 992 3060 ornatam
1021 3033 1105 3060 esse
1133 3025 1170 3060 et
1197 3025 1253 3061 tot
1281 3023 1517 3062 deverticula
1543 3023 1592 3061 ad
1627 3024 1907 3074 quiescendum
1942 3024 2077 3063 offerre
2104 3024 2400 3075 proceritatibus
