<?xml version="1.0" encoding="UTF-8"?>
<!DOCTYPE html PUBLIC "-//W3C//DTD XHTML 1.0 Transitional//EN"
    "http://www.w3.org/TR/xhtml1/DTD/xhtml1-transitional.dtd">
<html xmlns="http://www.w3.org/1999/xhtml" xml:lang="en" lang="en">
 <head>
  <title>
</title>
<meta http-equiv="Content-Type" content="text/html;charset=utf-8" />
  <meta name='ocr-system' content='tesseract 3.04.00' />
  <meta name='ocr-capabilities' content='ocr_page ocr_carea ocr_par ocr_line ocrx_word'/>
</head>
<body>
  <div class='ocr_page' id='page_1' title='image "./4769609_0024.png"; bbox 0 0 2519 3449; ppageno 0'>
   <div class='ocr_carea' id='block_1_1' title="bbox 1225 170 1273 208">
    <p class='ocr_par' dir='ltr' id='par_1_1' title="bbox 1225 170 1273 208">
     <span class='ocr_line' id='line_1_1' title="bbox 1225 170 1273 208; baseline 0.021 -1"><span class='ocrx_word' id='word_1_1' title='bbox 1225 170 1273 208; x_wconf 89' lang='grc'><strong>18</strong></span> 
     </span>
    </p>
   </div>
   <div class='ocr_carea' id='block_1_2' title="bbox 110 355 2382 1800">
    <p class='ocr_par' dir='ltr' id='par_1_2' title="bbox 110 355 2382 1800">
     <span class='ocr_line' id='line_1_2' title="bbox 114 355 2382 411; baseline -0.001 -13"><span class='ocrx_word' id='word_1_2' title='bbox 114 360 210 411; x_wconf 91' lang='lat' dir='ltr'><strong>quid</strong></span> <span class='ocrx_word' id='word_1_3' title='bbox 240 360 288 398; x_wconf 86' lang='lat' dir='ltr'><strong>de</strong></span> <span class='ocrx_word' id='word_1_4' title='bbox 315 359 433 398; x_wconf 90' lang='lat' dir='ltr'><strong>rebus</strong></span> <span class='ocrx_word' id='word_1_5' title='bbox 461 360 644 398; x_wconf 89' lang='lat' dir='ltr'><strong>humanis</strong></span> <span class='ocrx_word' id='word_1_6' title='bbox 672 357 918 397; x_wconf 89' lang='lat' dir='ltr'><strong>sentiendum</strong></span> <span class='ocrx_word' id='word_1_7' title='bbox 945 369 1029 396; x_wconf 89' lang='lat' dir='ltr'><strong>esse</strong></span> <span class='ocrx_word' id='word_1_8' title='bbox 1055 362 1175 408; x_wconf 90' lang='lat' dir='ltr'><strong>putet.</strong></span> <span class='ocrx_word' id='word_1_9' title='bbox 1230 359 1341 397; x_wconf 83' lang='lat' dir='ltr'><strong>Adeo</strong></span> <span class='ocrx_word' id='word_1_10' title='bbox 1379 369 1457 395; x_wconf 93' lang='lat' dir='ltr'><strong>non</strong></span> <span class='ocrx_word' id='word_1_11' title='bbox 1501 356 1735 407; x_wconf 91' lang='lat' dir='ltr'><strong>quibusdam</strong></span> <span class='ocrx_word' id='word_1_12' title='bbox 1776 356 1977 395; x_wconf 81' lang='lat' dir='ltr'>sententiis</span> <span class='ocrx_word' id='word_1_13' title='bbox 2010 355 2189 395; x_wconf 87' lang='lat' dir='ltr'><strong>addictus</strong></span> <span class='ocrx_word' id='word_1_14' title='bbox 2217 360 2275 395; x_wconf 89' lang='lat' dir='ltr'><strong>est</strong></span> <span class='ocrx_word' id='word_1_15' title='bbox 2299 356 2382 395; x_wconf 92' lang='lat' dir='ltr'><strong>Ho-</strong></span> 
     </span>
     <span class='ocr_line' id='line_1_3' title="bbox 110 412 2382 473; baseline -0.002 -11"><span class='ocrx_word' id='word_1_16' title='bbox 110 435 254 472; x_wconf 82' lang='lat' dir='ltr'><strong>merus,</strong></span> <span class='ocrx_word' id='word_1_17' title='bbox 282 426 326 461; x_wconf 90' lang='lat' dir='ltr'><strong>ut</strong></span> <span class='ocrx_word' id='word_1_18' title='bbox 354 423 417 461; x_wconf 85' lang='lat' dir='ltr'><strong>vel</strong></span> <span class='ocrx_word' id='word_1_19' title='bbox 445 435 521 472; x_wconf 90' lang='lat' dir='ltr'><strong>eas,</strong></span> <span class='ocrx_word' id='word_1_20' title='bbox 551 434 650 473; x_wconf 90' lang='lat' dir='ltr'><strong>quae</strong></span> <span class='ocrx_word' id='word_1_21' title='bbox 677 421 863 460; x_wconf 86' lang='lat' dir='ltr'><strong>latissime</strong></span> <span class='ocrx_word' id='word_1_22' title='bbox 890 424 1056 470; x_wconf 90' lang='lat' dir='ltr'><strong>pateant,</strong></span> <span class='ocrx_word' id='word_1_23' title='bbox 1083 422 1123 458; x_wconf 90' lang='lat' dir='ltr'><strong>in</strong></span> <span class='ocrx_word' id='word_1_24' title='bbox 1146 421 1328 460; x_wconf 91' lang='lat' dir='ltr'><strong>omnibus</strong></span> <span class='ocrx_word' id='word_1_25' title='bbox 1349 420 1465 459; x_wconf 89' lang='lat' dir='ltr'><strong>rebus</strong></span> <span class='ocrx_word' id='word_1_26' title='bbox 1484 420 1613 458; x_wconf 80' lang='lat' dir='ltr'><strong>valere</strong></span> <span class='ocrx_word' id='word_1_27' title='bbox 1640 412 1819 458; x_wconf 83' lang='lat' dir='ltr'><strong>videatur</strong></span> <span class='ocrx_word' id='word_1_28' title='bbox 1845 430 1996 470; x_wconf 88' lang='lat' dir='ltr'><strong>negare.</strong></span> <span class='ocrx_word' id='word_1_29' title='bbox 2053 417 2181 464; x_wconf 83' lang='lat' dir='ltr'>Quare</span> <span class='ocrx_word' id='word_1_30' title='bbox 2207 432 2287 458; x_wconf 92' lang='lat' dir='ltr'><strong>non</strong></span> <span class='ocrx_word' id='word_1_31' title='bbox 2314 432 2382 458; x_wconf 87' lang='lat' dir='ltr'><strong>au-</strong></span> 
     </span>
     <span class='ocr_line' id='line_1_4' title="bbox 112 483 2382 537; baseline -0.001 -12"><span class='ocrx_word' id='word_1_32' title='bbox 112 487 245 526; x_wconf 89' lang='lat' dir='ltr'><strong>diendi</strong></span> <span class='ocrx_word' id='word_1_33' title='bbox 265 490 359 525; x_wconf 88' lang='lat' dir='ltr'><strong>sunt</strong></span> <span class='ocrx_word' id='word_1_34' title='bbox 376 487 416 535; x_wconf 90' lang='lat' dir='ltr'><strong>ii,</strong></span> <span class='ocrx_word' id='word_1_35' title='bbox 446 487 514 537; x_wconf 93' lang='lat' dir='ltr'><strong>qui</strong></span> <span class='ocrx_word' id='word_1_36' title='bbox 533 486 736 534; x_wconf 87' lang='lat' dir='ltr'><strong>affirmant,</strong></span> <span class='ocrx_word' id='word_1_37' title='bbox 754 484 969 523; x_wconf 88' lang='lat' dir='ltr'>Homerum</span> <span class='ocrx_word' id='word_1_38' title='bbox 996 485 1126 534; x_wconf 92' lang='lat' dir='ltr'><strong>ipsum</strong></span> <span class='ocrx_word' id='word_1_39' title='bbox 1145 485 1207 523; x_wconf 71' lang='lat' dir='ltr'><strong>vel</strong></span> <span class='ocrx_word' id='word_1_40' title='bbox 1236 485 1432 523; x_wconf 89' lang='lat' dir='ltr'><strong>hominem</strong></span> <span class='ocrx_word' id='word_1_41' title='bbox 1459 483 1712 522; x_wconf 89' lang='lat' dir='ltr'><strong>Homericum</strong></span> <span class='ocrx_word' id='word_1_42' title='bbox 1740 483 1826 521; x_wconf 91' lang='lat' dir='ltr'><strong>Iovi</strong></span> <span class='ocrx_word' id='word_1_43' title='bbox 1846 483 1999 531; x_wconf 85' lang='lat' dir='ltr'><strong>dicenti,</strong></span> <span class='ocrx_word' id='word_1_44' title='bbox 2025 483 2144 521; x_wconf 86' lang='lat' dir='ltr'><strong>vitam</strong></span> <span class='ocrx_word' id='word_1_45' title='bbox 2172 483 2382 523; x_wconf 85' lang='lat' dir='ltr'><strong>humanam</strong></span> 
     </span>
     <span class='ocr_line' id='line_1_5' title="bbox 110 546 2381 600; baseline -0.001 -12"><span class='ocrx_word' id='word_1_46' title='bbox 110 551 358 588; x_wconf 89' lang='lat' dir='ltr'><strong>miseriarum</strong></span> <span class='ocrx_word' id='word_1_47' title='bbox 387 551 562 588; x_wconf 92' lang='lat' dir='ltr'><strong>omnium</strong></span> <span class='ocrx_word' id='word_1_48' title='bbox 589 549 852 600; x_wconf 84' lang='lat' dir='ltr'><strong>plenissimam</strong></span> <span class='ocrx_word' id='word_1_49' title='bbox 879 547 1047 596; x_wconf 76' lang='lat' dir='ltr'><strong>esse,¹⁰⁸)</strong></span> <span class='ocrx_word' id='word_1_50' title='bbox 1075 549 1129 586; x_wconf 89' lang='lat' dir='ltr'><strong>ita</strong></span> <span class='ocrx_word' id='word_1_51' title='bbox 1148 548 1436 586; x_wconf 85' lang='lat' dir='ltr'><strong>assentiendum</strong></span> <span class='ocrx_word' id='word_1_52' title='bbox 1456 558 1539 585; x_wconf 89' lang='lat' dir='ltr'><strong>esse</strong></span> <span class='ocrx_word' id='word_1_53' title='bbox 1558 547 1812 595; x_wconf 77' lang='lat' dir='ltr'><strong>existimasse,</strong></span> <span class='ocrx_word' id='word_1_54' title='bbox 1840 551 1883 584; x_wconf 91' lang='lat' dir='ltr'><strong>ut</strong></span> <span class='ocrx_word' id='word_1_55' title='bbox 1909 557 2137 597; x_wconf 89' lang='lat' dir='ltr'><strong>persuasum</strong></span> <span class='ocrx_word' id='word_1_56' title='bbox 2165 546 2381 597; x_wconf 85' lang='lat' dir='ltr'><strong>habuerint,</strong></span> 
     </span>
     <span class='ocr_line' id='line_1_6' title="bbox 112 609 2382 665; baseline -0.001 -13"><span class='ocrx_word' id='word_1_57' title='bbox 112 613 370 652; x_wconf 87' lang='lat' dir='ltr'><strong>demonstrari</strong></span> <span class='ocrx_word' id='word_1_58' title='bbox 397 625 522 665; x_wconf 89' lang='lat' dir='ltr'><strong>posse,</strong></span> <span class='ocrx_word' id='word_1_59' title='bbox 548 614 589 651; x_wconf 91' lang='lat' dir='ltr'><strong>in</strong></span> <span class='ocrx_word' id='word_1_60' title='bbox 617 613 696 650; x_wconf 84' lang='lat' dir='ltr'><strong>vita</strong></span> <span class='ocrx_word' id='word_1_61' title='bbox 713 612 884 650; x_wconf 85' lang='lat' dir='ltr'><strong>humana</strong></span> <span class='ocrx_word' id='word_1_62' title='bbox 909 612 1209 663; x_wconf 84' lang='lat' dir='ltr'><strong>praeponderari</strong></span> <span class='ocrx_word' id='word_1_63' title='bbox 1237 612 1338 650; x_wconf 91' lang='lat' dir='ltr'><strong>bona</strong></span> <span class='ocrx_word' id='word_1_64' title='bbox 1364 611 1486 649; x_wconf 89' lang='lat' dir='ltr'><strong>malis.</strong></span> <span class='ocrx_word' id='word_1_65' title='bbox 1543 609 1619 657; x_wconf 81' lang='lat' dir='ltr'><strong>Qui</strong></span> <span class='ocrx_word' id='word_1_66' title='bbox 1653 615 1781 649; x_wconf 89' lang='lat' dir='ltr'><strong>autem</strong></span> <span class='ocrx_word' id='word_1_67' title='bbox 1817 611 1891 662; x_wconf 92' lang='lat' dir='ltr'><strong>ipsi</strong></span> <span class='ocrx_word' id='word_1_68' title='bbox 1918 614 1981 649; x_wconf 80' lang='lat' dir='ltr'><strong>aut</strong></span> <span class='ocrx_word' id='word_1_69' title='bbox 2016 611 2059 648; x_wconf 90' lang='lat' dir='ltr'><strong>in</strong></span> <span class='ocrx_word' id='word_1_70' title='bbox 2095 611 2252 649; x_wconf 85' lang='lat' dir='ltr'><strong>miseria</strong></span> <span class='ocrx_word' id='word_1_71' title='bbox 2289 614 2382 650; x_wconf 84' lang='lat' dir='ltr'><strong>sunt</strong></span> 
     </span>
     <span class='ocr_line' id='line_1_7' title="bbox 111 674 2381 726; baseline -0.002 -9"><span class='ocrx_word' id='word_1_72' title='bbox 111 682 180 716; x_wconf 87' lang='lat' dir='ltr'><strong>aut</strong></span> <span class='ocrx_word' id='word_1_73' title='bbox 206 690 257 716; x_wconf 85' lang='lat' dir='ltr'><strong>ex</strong></span> <span class='ocrx_word' id='word_1_74' title='bbox 285 690 330 716; x_wconf 87' lang='lat' dir='ltr'><strong>ea</strong></span> <span class='ocrx_word' id='word_1_75' title='bbox 357 677 473 716; x_wconf 89' lang='lat' dir='ltr'><strong>modo</strong></span> <span class='ocrx_word' id='word_1_76' title='bbox 502 677 718 725; x_wconf 70' lang='lat' dir='ltr'><strong>effugerunt</strong></span> <span class='ocrx_word' id='word_1_77' title='bbox 751 680 788 714; x_wconf 88' lang='lat' dir='ltr'><strong>et</strong></span> <span class='ocrx_word' id='word_1_78' title='bbox 816 677 883 725; x_wconf 92' lang='lat' dir='ltr'><strong>qui</strong></span> <span class='ocrx_word' id='word_1_79' title='bbox 924 676 1020 714; x_wconf 92' lang='lat' dir='ltr'><strong>alios</strong></span> <span class='ocrx_word' id='word_1_80' title='bbox 1062 676 1277 714; x_wconf 85' lang='lat' dir='ltr'><strong>calamitate</strong></span> <span class='ocrx_word' id='word_1_81' title='bbox 1319 674 1480 713; x_wconf 87' lang='lat' dir='ltr'><strong>afflictos</strong></span> <span class='ocrx_word' id='word_1_82' title='bbox 1520 675 1664 723; x_wconf 81' lang='lat' dir='ltr'><strong>vident,</strong></span> <span class='ocrx_word' id='word_1_83' title='bbox 1706 687 1782 713; x_wconf 90' lang='lat' dir='ltr'><strong>non</strong></span> <span class='ocrx_word' id='word_1_84' title='bbox 1825 678 1948 725; x_wconf 87' lang='lat' dir='ltr'><strong>potest</strong></span> <span class='ocrx_word' id='word_1_85' title='bbox 1979 674 2075 724; x_wconf 89' lang='lat' dir='ltr'><strong>fieri,</strong></span> <span class='ocrx_word' id='word_1_86' title='bbox 2104 676 2200 725; x_wconf 91' lang='lat' dir='ltr'><strong>quin</strong></span> <span class='ocrx_word' id='word_1_87' title='bbox 2227 687 2296 726; x_wconf 92' lang='lat' dir='ltr'><strong>pro</strong></span> <span class='ocrx_word' id='word_1_88' title='bbox 2324 676 2381 713; x_wconf 88' lang='lat' dir='ltr'><strong>rei</strong></span> 
     </span>
     <span class='ocr_line' id='line_1_8' title="bbox 110 737 2382 792; baseline -0.001 -13"><span class='ocrx_word' id='word_1_89' title='bbox 110 741 384 792; x_wconf 86' lang='lat' dir='ltr'><strong>magnitudine</strong></span> <span class='ocrx_word' id='word_1_90' title='bbox 411 742 452 779; x_wconf 92' lang='lat' dir='ltr'><strong>in</strong></span> <span class='ocrx_word' id='word_1_91' title='bbox 493 752 644 779; x_wconf 89' lang='lat' dir='ltr'><strong>summa</strong></span> <span class='ocrx_word' id='word_1_92' title='bbox 683 739 885 777; x_wconf 83' lang='lat' dir='ltr'><strong>severitate</strong></span> <span class='ocrx_word' id='word_1_93' title='bbox 926 743 1140 778; x_wconf 87' lang='lat' dir='ltr'><strong>versentur.</strong></span> <span class='ocrx_word' id='word_1_94' title='bbox 1195 740 1319 790; x_wconf 86' lang='lat' dir='ltr'><strong>Atqui</strong></span> <span class='ocrx_word' id='word_1_95' title='bbox 1346 739 1499 777; x_wconf 89' lang='lat' dir='ltr'><strong>miseria</strong></span> <span class='ocrx_word' id='word_1_96' title='bbox 1526 738 1588 777; x_wconf 81' lang='lat' dir='ltr'><strong>vel</strong></span> <span class='ocrx_word' id='word_1_97' title='bbox 1616 738 1813 777; x_wconf 88' lang='lat' dir='ltr'><strong>calamitas</strong></span> <span class='ocrx_word' id='word_1_98' title='bbox 1854 737 2035 777; x_wconf 90' lang='lat' dir='ltr'><strong>omnibus</strong></span> <span class='ocrx_word' id='word_1_99' title='bbox 2075 738 2297 777; x_wconf 89' lang='lat' dir='ltr'><strong>hominibus</strong></span> <span class='ocrx_word' id='word_1_100' title='bbox 2323 742 2382 777; x_wconf 87' lang='lat' dir='ltr'><strong>est</strong></span> 
     </span>
     <span class='ocr_line' id='line_1_9' title="bbox 113 801 2381 855; baseline -0.001 -13"><span class='ocrx_word' id='word_1_101' title='bbox 113 806 335 843; x_wconf 90' lang='lat' dir='ltr'><strong>communis</strong></span> <span class='ocrx_word' id='word_1_102' title='bbox 364 816 435 842; x_wconf 89' lang='lat' dir='ltr'><strong>nec</strong></span> <span class='ocrx_word' id='word_1_103' title='bbox 465 805 671 855; x_wconf 90' lang='lat' dir='ltr'><strong>quisquam</strong></span> <span class='ocrx_word' id='word_1_104' title='bbox 698 802 870 852; x_wconf 88' lang='lat' dir='ltr'><strong>prudens</strong></span> <span class='ocrx_word' id='word_1_105' title='bbox 897 803 1131 844; x_wconf 83' lang='lat' dir='ltr'><strong>inveniatur,</strong></span> <span class='ocrx_word' id='word_1_106' title='bbox 1160 804 1239 853; x_wconf 91' lang='lat' dir='ltr'><strong>qui,</strong></span> <span class='ocrx_word' id='word_1_107' title='bbox 1267 804 1300 840; x_wconf 93' lang='lat' dir='ltr'><strong>si</strong></span> <span class='ocrx_word' id='word_1_108' title='bbox 1327 804 1409 853; x_wconf 88' lang='lat' dir='ltr'><strong>ipse</strong></span> <span class='ocrx_word' id='word_1_109' title='bbox 1437 801 1485 839; x_wconf 87' lang='lat' dir='ltr'><strong>ad</strong></span> <span class='ocrx_word' id='word_1_110' title='bbox 1513 805 1667 851; x_wconf 88' lang='lat' dir='ltr'><strong>tempus</strong></span> <span class='ocrx_word' id='word_1_111' title='bbox 1694 802 1790 840; x_wconf 81' lang='lat' dir='ltr'><strong>felix</strong></span> <span class='ocrx_word' id='word_1_112' title='bbox 1819 802 1892 840; x_wconf 92' lang='lat' dir='ltr'><strong>sibi</strong></span> <span class='ocrx_word' id='word_1_113' title='bbox 1920 801 2084 850; x_wconf 81' lang='lat' dir='ltr'><strong>videtur,</strong></span> <span class='ocrx_word' id='word_1_114' title='bbox 2118 813 2196 839; x_wconf 91' lang='lat' dir='ltr'><strong>non</strong></span> <span class='ocrx_word' id='word_1_115' title='bbox 2224 806 2381 851; x_wconf 87' lang='lat' dir='ltr'><strong>metuat,</strong></span> 
     </span>
     <span class='ocr_line' id='line_1_10' title="bbox 116 864 2381 917; baseline -0.001 -12"><span class='ocrx_word' id='word_1_116' title='bbox 116 880 178 911; x_wconf 83' lang='lat' dir='ltr'><strong>ne,</strong></span> <span class='ocrx_word' id='word_1_117' title='bbox 208 873 353 917; x_wconf 88' lang='lat' dir='ltr'><strong>quanta</strong></span> <span class='ocrx_word' id='word_1_118' title='bbox 381 869 431 905; x_wconf 91' lang='lat' dir='ltr'><strong>sit</strong></span> <span class='ocrx_word' id='word_1_119' title='bbox 457 867 650 904; x_wconf 89' lang='lat' dir='ltr'><strong>mobilitas</strong></span> <span class='ocrx_word' id='word_1_120' title='bbox 680 871 716 903; x_wconf 92' lang='lat' dir='ltr'><strong>et</strong></span> <span class='ocrx_word' id='word_1_121' title='bbox 744 866 989 904; x_wconf 78' lang='lat' dir='ltr'><strong>imbecillitas</strong></span> <span class='ocrx_word' id='word_1_122' title='bbox 1017 867 1205 914; x_wconf 85' lang='lat' dir='ltr'><strong>fortunae,</strong></span> <span class='ocrx_word' id='word_1_123' title='bbox 1247 867 1477 916; x_wconf 84' lang='lat' dir='ltr'><strong>experiatur.</strong></span> <span class='ocrx_word' id='word_1_124' title='bbox 1532 864 1635 914; x_wconf 89' lang='lat' dir='ltr'><strong>Ergo</strong></span> <span class='ocrx_word' id='word_1_125' title='bbox 1664 877 1743 902; x_wconf 91' lang='lat' dir='ltr'><strong>non</strong></span> <span class='ocrx_word' id='word_1_126' title='bbox 1770 866 1886 903; x_wconf 92' lang='lat' dir='ltr'><strong>modo</strong></span> <span class='ocrx_word' id='word_1_127' title='bbox 1928 866 2088 904; x_wconf 90' lang='lat' dir='ltr'><strong>deorum</strong></span> <span class='ocrx_word' id='word_1_128' title='bbox 2116 870 2153 903; x_wconf 88' lang='lat' dir='ltr'><strong>et</strong></span> <span class='ocrx_word' id='word_1_129' title='bbox 2180 866 2381 903; x_wconf 91' lang='lat' dir='ltr'><strong>hominum</strong></span> 
     </span>
     <span class='ocr_line' id='line_1_11' title="bbox 114 927 2381 981; baseline -0.001 -12"><span class='ocrx_word' id='word_1_130' title='bbox 114 932 183 981; x_wconf 91' lang='lat' dir='ltr'><strong>qui</strong></span> <span class='ocrx_word' id='word_1_131' title='bbox 211 931 369 981; x_wconf 91' lang='lat' dir='ltr'><strong>ingenio</strong></span> <span class='ocrx_word' id='word_1_132' title='bbox 396 930 524 968; x_wconf 82' lang='lat' dir='ltr'><strong>valere</strong></span> <span class='ocrx_word' id='word_1_133' title='bbox 552 932 748 980; x_wconf 89' lang='lat' dir='ltr'><strong>putantur,</strong></span> <span class='ocrx_word' id='word_1_134' title='bbox 782 929 849 967; x_wconf 89' lang='lat' dir='ltr'><strong>sed</strong></span> <span class='ocrx_word' id='word_1_135' title='bbox 878 930 992 967; x_wconf 88' lang='lat' dir='ltr'><strong>etiam</strong></span> <span class='ocrx_word' id='word_1_136' title='bbox 1021 929 1230 967; x_wconf 89' lang='lat' dir='ltr'><strong>mulierum</strong></span> <span class='ocrx_word' id='word_1_137' title='bbox 1258 935 1294 966; x_wconf 85' lang='lat' dir='ltr'><strong>et</strong></span> <span class='ocrx_word' id='word_1_138' title='bbox 1334 928 1636 966; x_wconf 87' lang='lat' dir='ltr'><strong>adolescentium</strong></span> <span class='ocrx_word' id='word_1_139' title='bbox 1675 932 1791 978; x_wconf 90' lang='lat' dir='ltr'><strong>atque</strong></span> <span class='ocrx_word' id='word_1_140' title='bbox 1820 929 2022 967; x_wconf 91' lang='lat' dir='ltr'><strong>hominum</strong></span> <span class='ocrx_word' id='word_1_141' title='bbox 2048 927 2179 966; x_wconf 90' lang='lat' dir='ltr'><strong>infima</strong></span> <span class='ocrx_word' id='word_1_142' title='bbox 2215 928 2381 977; x_wconf 89' lang='lat' dir='ltr'><strong>fortuna,</strong></span> 
     </span>
     <span class='ocr_line' id='line_1_12' title="bbox 112 991 2381 1042; baseline -0.001 -11"><span class='ocrx_word' id='word_1_143' title='bbox 112 994 146 1031; x_wconf 89' lang='lat' dir='ltr'><strong>si</strong></span> <span class='ocrx_word' id='word_1_144' title='bbox 175 993 292 1030; x_wconf 90' lang='lat' dir='ltr'><strong>modo</strong></span> <span class='ocrx_word' id='word_1_145' title='bbox 321 997 387 1030; x_wconf 87' lang='lat' dir='ltr'><strong>aut</strong></span> <span class='ocrx_word' id='word_1_146' title='bbox 415 1005 484 1030; x_wconf 88' lang='lat' dir='ltr'><strong>sua</strong></span> <span class='ocrx_word' id='word_1_147' title='bbox 512 996 577 1029; x_wconf 88' lang='lat' dir='ltr'><strong>aut</strong></span> <span class='ocrx_word' id='word_1_148' title='bbox 619 992 744 1029; x_wconf 89' lang='lat' dir='ltr'><strong>aliena</strong></span> <span class='ocrx_word' id='word_1_149' title='bbox 772 991 988 1029; x_wconf 80' lang='lat' dir='ltr'><strong>calamitate</strong></span> <span class='ocrx_word' id='word_1_150' title='bbox 1030 992 1131 1029; x_wconf 87' lang='lat' dir='ltr'><strong>docti</strong></span> <span class='ocrx_word' id='word_1_151' title='bbox 1160 997 1262 1038; x_wconf 89' lang='lat' dir='ltr'><strong>sunt,</strong></span> <span class='ocrx_word' id='word_1_152' title='bbox 1308 993 1517 1042; x_wconf 84' lang='lat' dir='ltr'><strong>sapientiae</strong></span> <span class='ocrx_word' id='word_1_153' title='bbox 1543 992 1680 1042; x_wconf 88' lang='lat' dir='ltr'><strong>plenae</strong></span> <span class='ocrx_word' id='word_1_154' title='bbox 1719 995 1811 1029; x_wconf 86' lang='lat' dir='ltr'><strong>sunt</strong></span> <span class='ocrx_word' id='word_1_155' title='bbox 1837 1003 1964 1040; x_wconf 86' lang='lat' dir='ltr'><strong>voces,</strong></span> <span class='ocrx_word' id='word_1_156' title='bbox 2006 992 2229 1042; x_wconf 86' lang='lat' dir='ltr'><strong>praesertim</strong></span> <span class='ocrx_word' id='word_1_157' title='bbox 2258 1003 2381 1041; x_wconf 89' lang='lat' dir='ltr'><strong>quum</strong></span> 
     </span>
     <span class='ocr_line' id='line_1_13' title="bbox 116 1054 2381 1106; baseline -0 -12"><span class='ocrx_word' id='word_1_158' title='bbox 116 1068 395 1106; x_wconf 82' lang='lat' dir='ltr'><strong>saepenumero</strong></span> <span class='ocrx_word' id='word_1_159' title='bbox 425 1067 522 1105; x_wconf 89' lang='lat' dir='ltr'><strong>quae</strong></span> <span class='ocrx_word' id='word_1_160' title='bbox 549 1056 588 1091; x_wconf 93' lang='lat' dir='ltr'><strong>in</strong></span> <span class='ocrx_word' id='word_1_161' title='bbox 619 1056 790 1092; x_wconf 77' lang='lat' dir='ltr'><strong>omniiun</strong></span> <span class='ocrx_word' id='word_1_162' title='bbox 822 1066 886 1092; x_wconf 87' lang='lat' dir='ltr'><strong>ore</strong></span> <span class='ocrx_word' id='word_1_163' title='bbox 915 1059 951 1091; x_wconf 87' lang='lat' dir='ltr'><strong>et</strong></span> <span class='ocrx_word' id='word_1_164' title='bbox 980 1067 1156 1092; x_wconf 85' lang='lat' dir='ltr'><strong>sermone</strong></span> <span class='ocrx_word' id='word_1_165' title='bbox 1185 1056 1262 1092; x_wconf 87' lang='lat' dir='ltr'><strong>fere</strong></span> <span class='ocrx_word' id='word_1_166' title='bbox 1291 1056 1377 1092; x_wconf 87' lang='lat' dir='ltr'><strong>trita</strong></span> <span class='ocrx_word' id='word_1_167' title='bbox 1407 1060 1508 1103; x_wconf 89' lang='lat' dir='ltr'><strong>sunt,</strong></span> <span class='ocrx_word' id='word_1_168' title='bbox 1550 1055 1598 1092; x_wconf 89' lang='lat' dir='ltr'><strong>ad</strong></span> <span class='ocrx_word' id='word_1_169' title='bbox 1625 1066 1689 1092; x_wconf 88' lang='lat' dir='ltr'><strong>eas</strong></span> <span class='ocrx_word' id='word_1_170' title='bbox 1717 1066 1779 1092; x_wconf 89' lang='lat' dir='ltr'><strong>res</strong></span> <span class='ocrx_word' id='word_1_171' title='bbox 1807 1054 2049 1101; x_wconf 84' lang='lat' dir='ltr'><strong>transferant,</strong></span> <span class='ocrx_word' id='word_1_172' title='bbox 2085 1066 2183 1104; x_wconf 87' lang='lat' dir='ltr'><strong>quae</strong></span> <span class='ocrx_word' id='word_1_173' title='bbox 2210 1054 2306 1092; x_wconf 85' lang='lat' dir='ltr'><strong>forte</strong></span> <span class='ocrx_word' id='word_1_174' title='bbox 2332 1056 2381 1093; x_wconf 87' lang='lat' dir='ltr'><strong>iis</strong></span> 
     </span>
     <span class='ocr_line' id='line_1_14' title="bbox 114 1117 2382 1169; baseline -0 -12"><span class='ocrx_word' id='word_1_175' title='bbox 114 1132 189 1157; x_wconf 91' lang='lat' dir='ltr'><strong>usu</strong></span> <span class='ocrx_word' id='word_1_176' title='bbox 218 1120 390 1157; x_wconf 85' lang='lat' dir='ltr'><strong>veniunt.</strong></span> <span class='ocrx_word' id='word_1_177' title='bbox 447 1118 652 1167; x_wconf 83' lang='lat' dir='ltr'><strong>Quumque</strong></span> <span class='ocrx_word' id='word_1_178' title='bbox 680 1130 760 1156; x_wconf 92' lang='lat' dir='ltr'><strong>non</strong></span> <span class='ocrx_word' id='word_1_179' title='bbox 788 1119 837 1155; x_wconf 91' lang='lat' dir='ltr'><strong>sit</strong></span> <span class='ocrx_word' id='word_1_180' title='bbox 863 1117 1039 1167; x_wconf 90' lang='lat' dir='ltr'><strong>dubium,</strong></span> <span class='ocrx_word' id='word_1_181' title='bbox 1070 1119 1163 1168; x_wconf 89' lang='lat' dir='ltr'><strong>quin</strong></span> <span class='ocrx_word' id='word_1_182' title='bbox 1194 1131 1291 1168; x_wconf 85' lang='lat' dir='ltr'><strong>quae</strong></span> <span class='ocrx_word' id='word_1_183' title='bbox 1321 1120 1487 1169; x_wconf 89' lang='lat' dir='ltr'><strong>quisque</strong></span> <span class='ocrx_word' id='word_1_184' title='bbox 1515 1119 1621 1156; x_wconf 87' lang='lat' dir='ltr'><strong>timet</strong></span> <span class='ocrx_word' id='word_1_185' title='bbox 1649 1130 1698 1156; x_wconf 89' lang='lat' dir='ltr'><strong>ne</strong></span> <span class='ocrx_word' id='word_1_186' title='bbox 1725 1117 1799 1155; x_wconf 90' lang='lat' dir='ltr'><strong>sibi</strong></span> <span class='ocrx_word' id='word_1_187' title='bbox 1828 1117 2005 1155; x_wconf 87' lang='lat' dir='ltr'><strong>accidant</strong></span> <span class='ocrx_word' id='word_1_188' title='bbox 2032 1124 2188 1168; x_wconf 89' lang='lat' dir='ltr'><strong>propter</strong></span> <span class='ocrx_word' id='word_1_189' title='bbox 2214 1130 2256 1156; x_wconf 91' lang='lat' dir='ltr'><strong>ea</strong></span> <span class='ocrx_word' id='word_1_190' title='bbox 2285 1119 2382 1156; x_wconf 90' lang='lat' dir='ltr'><strong>alios</strong></span> 
     </span>
     <span class='ocr_line' id='line_1_15' title="bbox 113 1180 2381 1232; baseline -0 -12"><span class='ocrx_word' id='word_1_191' title='bbox 113 1183 416 1229; x_wconf 90' lang='lat' dir='ltr'><strong>commiseretur,</strong></span> <span class='ocrx_word' id='word_1_192' title='bbox 444 1181 486 1218; x_wconf 91' lang='lat' dir='ltr'><strong>fit</strong></span> <span class='ocrx_word' id='word_1_193' title='bbox 515 1193 808 1230; x_wconf 86' lang='lat' dir='ltr'><strong>nonnunquam,</strong></span> <span class='ocrx_word' id='word_1_194' title='bbox 836 1185 879 1218; x_wconf 88' lang='lat' dir='ltr'><strong>ut</strong></span> <span class='ocrx_word' id='word_1_195' title='bbox 915 1193 964 1218; x_wconf 89' lang='lat' dir='ltr'><strong>ex</strong></span> <span class='ocrx_word' id='word_1_196' title='bbox 993 1182 1077 1231; x_wconf 88' lang='lat' dir='ltr'><strong>ipsa.</strong></span> <span class='ocrx_word' id='word_1_197' title='bbox 1102 1181 1367 1219; x_wconf 79' lang='lat' dir='ltr'><strong>misericordia</strong></span> <span class='ocrx_word' id='word_1_198' title='bbox 1394 1181 1661 1232; x_wconf 88' lang='lat' dir='ltr'><strong>proficiscatur</strong></span> <span class='ocrx_word' id='word_1_199' title='bbox 1686 1180 1784 1218; x_wconf 85' lang='lat' dir='ltr'><strong>illud</strong></span> <span class='ocrx_word' id='word_1_200' title='bbox 1812 1187 1925 1230; x_wconf 69' lang='grc' dir='ltr'>μάιτος,</span> <span class='ocrx_word' id='word_1_201' title='bbox 1966 1180 2070 1230; x_wconf 91' lang='lat' dir='ltr'><strong>quod</strong></span> <span class='ocrx_word' id='word_1_202' title='bbox 2098 1188 2201 1226; x_wconf 51' lang='grc' dir='ltr'><strong>παῖδος</strong></span> <span class='ocrx_word' id='word_1_203' title='bbox 2222 1182 2381 1232; x_wconf 79' lang='lat' dir='ltr'><strong>gignere</strong></span> 
     </span>
     <span class='ocr_line' id='line_1_16' title="bbox 112 1243 2380 1295; baseline -0.001 -11"><span class='ocrx_word' id='word_1_204' title='bbox 112 1246 337 1295; x_wconf 68' lang='lat' dir='ltr'><strong>Aeschylus</strong></span> <span class='ocrx_word' id='word_1_205' title='bbox 372 1244 547 1289; x_wconf 83' lang='lat' dir='ltr'><strong>dicit.¹⁰⁹)</strong></span> <span class='ocrx_word' id='word_1_206' title='bbox 603 1243 741 1294; x_wconf 86' lang='lat' dir='ltr'><strong>Itaque</strong></span> <span class='ocrx_word' id='word_1_207' title='bbox 769 1244 816 1282; x_wconf 90' lang='lat' dir='ltr'><strong>ad</strong></span> <span class='ocrx_word' id='word_1_208' title='bbox 846 1245 1073 1294; x_wconf 83' lang='lat' dir='ltr'><strong>sapientiam</strong></span> <span class='ocrx_word' id='word_1_209' title='bbox 1113 1244 1400 1295; x_wconf 81' lang='lat' dir='ltr'><strong>adipiscendam</strong></span> <span class='ocrx_word' id='word_1_210' title='bbox 1430 1251 1573 1295; x_wconf 88' lang='lat' dir='ltr'><strong>quanta</strong></span> <span class='ocrx_word' id='word_1_211' title='bbox 1614 1245 1664 1283; x_wconf 90' lang='lat' dir='ltr'><strong>sit</strong></span> <span class='ocrx_word' id='word_1_212' title='bbox 1704 1245 1763 1282; x_wconf 84' lang='lat' dir='ltr'><strong>vis</strong></span> <span class='ocrx_word' id='word_1_213' title='bbox 1805 1255 1897 1282; x_wconf 89' lang='lat' dir='ltr'><strong>suae</strong></span> <span class='ocrx_word' id='word_1_214' title='bbox 1935 1244 2173 1292; x_wconf 84' lang='lat' dir='ltr'><strong>calamitatis,</strong></span> <span class='ocrx_word' id='word_1_215' title='bbox 2214 1245 2380 1283; x_wconf 88' lang='lat' dir='ltr'><strong>Achillis</strong></span> 
     </span>
     <span class='ocr_line' id='line_1_17' title="bbox 114 1308 2380 1359; baseline -0 -12"><span class='ocrx_word' id='word_1_216' title='bbox 114 1310 295 1359; x_wconf 84' lang='lat' dir='ltr'><strong>exemplo</strong></span> <span class='ocrx_word' id='word_1_217' title='bbox 326 1308 550 1356; x_wconf 86' lang='lat' dir='ltr'><strong>ostenditur,</strong></span> <span class='ocrx_word' id='word_1_218' title='bbox 592 1312 737 1358; x_wconf 90' lang='lat' dir='ltr'><strong>quanta</strong></span> <span class='ocrx_word' id='word_1_219' title='bbox 765 1308 923 1356; x_wconf 87' lang='lat' dir='ltr'><strong>alienae,</strong></span> <span class='ocrx_word' id='word_1_220' title='bbox 965 1308 1156 1345; x_wconf 90' lang='lat' dir='ltr'><strong>Philoetii.</strong></span> <span class='ocrx_word' id='word_1_221' title='bbox 1211 1308 1385 1346; x_wconf 84' lang='lat' dir='ltr'><strong>Achilles</strong></span> <span class='ocrx_word' id='word_1_222' title='bbox 1431 1310 1545 1354; x_wconf 86' lang='lat' dir='ltr'><strong>enim,</strong></span> <span class='ocrx_word' id='word_1_223' title='bbox 1589 1321 1710 1358; x_wconf 91' lang='lat' dir='ltr'><strong>quum</strong></span> <span class='ocrx_word' id='word_1_224' title='bbox 1752 1308 1826 1346; x_wconf 93' lang='lat' dir='ltr'><strong>sibi</strong></span> <span class='ocrx_word' id='word_1_225' title='bbox 1868 1309 2047 1346; x_wconf 87' lang='lat' dir='ltr'><strong>conscius</strong></span> <span class='ocrx_word' id='word_1_226' title='bbox 2075 1314 2185 1356; x_wconf 87' lang='lat' dir='ltr'><strong>esset,</strong></span> <span class='ocrx_word' id='word_1_227' title='bbox 2223 1310 2319 1346; x_wconf 91' lang='lat' dir='ltr'><strong>iram</strong></span> <span class='ocrx_word' id='word_1_228' title='bbox 2347 1310 2380 1346; x_wconf 92' lang='lat' dir='ltr'><strong>si</strong></span> 
     </span>
     <span class='ocr_line' id='line_1_18' title="bbox 113 1370 2380 1421; baseline -0 -11"><span class='ocrx_word' id='word_1_229' title='bbox 113 1372 362 1420; x_wconf 86' lang='lat' dir='ltr'><strong>cohibuisset,</strong></span> <span class='ocrx_word' id='word_1_230' title='bbox 391 1384 431 1409; x_wconf 89' lang='lat' dir='ltr'><strong>se</strong></span> <span class='ocrx_word' id='word_1_231' title='bbox 459 1372 629 1421; x_wconf 89' lang='lat' dir='ltr'><strong>potuisse</strong></span> <span class='ocrx_word' id='word_1_232' title='bbox 665 1371 863 1421; x_wconf 90' lang='lat' dir='ltr'><strong>impedire,</strong></span> <span class='ocrx_word' id='word_1_233' title='bbox 899 1372 1108 1421; x_wconf 87' lang='lat' dir='ltr'><strong>quominus</strong></span> <span class='ocrx_word' id='word_1_234' title='bbox 1137 1370 1338 1409; x_wconf 87' lang='lat' dir='ltr'><strong>Patroclus</strong></span> <span class='ocrx_word' id='word_1_235' title='bbox 1367 1372 1624 1409; x_wconf 90' lang='lat' dir='ltr'><strong>amicissimus</strong></span> <span class='ocrx_word' id='word_1_236' title='bbox 1652 1372 1726 1421; x_wconf 92' lang='lat' dir='ltr'><strong>ipsi</strong></span> <span class='ocrx_word' id='word_1_237' title='bbox 1755 1371 1928 1408; x_wconf 90' lang='lat' dir='ltr'><strong>omnium</strong></span> <span class='ocrx_word' id='word_1_238' title='bbox 1954 1371 2196 1409; x_wconf 83' lang='lat' dir='ltr'><strong>Achivorum</strong></span> <span class='ocrx_word' id='word_1_239' title='bbox 2224 1371 2271 1408; x_wconf 92' lang='lat' dir='ltr'><strong>ab</strong></span> <span class='ocrx_word' id='word_1_240' title='bbox 2301 1370 2380 1409; x_wconf 88' lang='lat' dir='ltr'><strong>He-</strong></span> 
     </span>
     <span class='ocr_line' id='line_1_19' title="bbox 113 1433 2380 1484; baseline 0 -12"><span class='ocrx_word' id='word_1_241' title='bbox 113 1440 217 1473; x_wconf 89' lang='lat' dir='ltr'><strong>ctore</strong></span> <span class='ocrx_word' id='word_1_242' title='bbox 246 1440 458 1483; x_wconf 80' lang='lat' dir='ltr'><strong>necaretur,</strong></span> <span class='ocrx_word' id='word_1_243' title='bbox 484 1439 576 1471; x_wconf 91' lang='lat' dir='ltr'><strong>tunc</strong></span> <span class='ocrx_word' id='word_1_244' title='bbox 606 1433 762 1471; x_wconf 88' lang='lat' dir='ltr'><strong>demum</strong></span> <span class='ocrx_word' id='word_1_245' title='bbox 792 1445 957 1482; x_wconf 92' lang='lat' dir='ltr'><strong>omnem,</strong></span> <span class='ocrx_word' id='word_1_246' title='bbox 987 1446 1104 1484; x_wconf 84' lang='lat' dir='ltr'><strong>quam</strong></span> <span class='ocrx_word' id='word_1_247' title='bbox 1132 1434 1318 1471; x_wconf 79' lang='lat' dir='ltr'><strong>adversus</strong></span> <span class='ocrx_word' id='word_1_248' title='bbox 1338 1434 1671 1483; x_wconf 82' lang='lat' dir='ltr'><strong>Agamemnonem</strong></span> <span class='ocrx_word' id='word_1_249' title='bbox 1699 1438 1919 1484; x_wconf 88' lang='lat' dir='ltr'><strong>susceperat</strong></span> <span class='ocrx_word' id='word_1_250' title='bbox 1939 1434 2173 1472; x_wconf 87' lang='lat' dir='ltr'><strong>simultatem</strong></span> <span class='ocrx_word' id='word_1_251' title='bbox 2193 1434 2380 1484; x_wconf 86' lang='lat' dir='ltr'><strong>deposuit,</strong></span> 
     </span>
     <span class='ocr_line' id='line_1_20' title="bbox 113 1496 2380 1547; baseline 0 -11"><span class='ocrx_word' id='word_1_252' title='bbox 113 1511 159 1537; x_wconf 88' lang='lat' dir='ltr'><strong>ea</strong></span> <span class='ocrx_word' id='word_1_253' title='bbox 188 1498 321 1536; x_wconf 86' lang='lat' dir='ltr'><strong>dicens</strong></span> <span class='ocrx_word' id='word_1_254' title='bbox 350 1497 397 1535; x_wconf 92' lang='lat' dir='ltr'><strong>de</strong></span> <span class='ocrx_word' id='word_1_255' title='bbox 426 1497 565 1544; x_wconf 87' lang='lat' dir='ltr'><strong>ira,¹¹⁰)</strong></span> <span class='ocrx_word' id='word_1_256' title='bbox 595 1496 738 1547; x_wconf 90' lang='lat' dir='ltr'><strong>quibus</strong></span> <span class='ocrx_word' id='word_1_257' title='bbox 767 1497 864 1534; x_wconf 88' lang='lat' dir='ltr'><strong>nihil</strong></span> <span class='ocrx_word' id='word_1_258' title='bbox 893 1497 1017 1546; x_wconf 87' lang='lat' dir='ltr'><strong>magis</strong></span> <span class='ocrx_word' id='word_1_259' title='bbox 1045 1497 1334 1534; x_wconf 88' lang='lat' dir='ltr'><strong>accommodata</strong></span> <span class='ocrx_word' id='word_1_260' title='bbox 1362 1509 1445 1535; x_wconf 90' lang='lat' dir='ltr'><strong>esse</strong></span> <span class='ocrx_word' id='word_1_261' title='bbox 1472 1503 1634 1547; x_wconf 90' lang='lat' dir='ltr'><strong>possunt</strong></span> <span class='ocrx_word' id='word_1_262' title='bbox 1660 1497 1723 1535; x_wconf 83' lang='lat' dir='ltr'><strong>vel</strong></span> <span class='ocrx_word' id='word_1_263' title='bbox 1751 1497 1799 1535; x_wconf 90' lang='lat' dir='ltr'><strong>ad</strong></span> <span class='ocrx_word' id='word_1_264' title='bbox 1822 1498 1901 1535; x_wconf 87' lang='lat' dir='ltr'><strong>irae</strong></span> <span class='ocrx_word' id='word_1_265' title='bbox 1928 1498 2009 1534; x_wconf 79' lang='lat' dir='ltr'><strong>vim</strong></span> <span class='ocrx_word' id='word_1_266' title='bbox 2038 1510 2081 1535; x_wconf 90' lang='lat' dir='ltr'><strong>ac</strong></span> <span class='ocrx_word' id='word_1_267' title='bbox 2109 1502 2285 1535; x_wconf 88' lang='lat' dir='ltr'><strong>naturam</strong></span> <span class='ocrx_word' id='word_1_268' title='bbox 2315 1498 2380 1536; x_wconf 90' lang='lat' dir='ltr'><strong>de-</strong></span> 
     </span>
     <span class='ocr_line' id='line_1_21' title="bbox 115 1560 2379 1610; baseline 0 -11"><span class='ocrx_word' id='word_1_269' title='bbox 115 1561 409 1599; x_wconf 85' lang='lat' dir='ltr'><strong>monstrandam</strong></span> <span class='ocrx_word' id='word_1_270' title='bbox 436 1561 498 1598; x_wconf 78' lang='lat' dir='ltr'><strong>vel</strong></span> <span class='ocrx_word' id='word_1_271' title='bbox 528 1560 575 1597; x_wconf 90' lang='lat' dir='ltr'><strong>ad</strong></span> <span class='ocrx_word' id='word_1_272' title='bbox 599 1572 674 1608; x_wconf 76' lang='lat' dir='ltr'><strong>eOS,</strong></span> <span class='ocrx_word' id='word_1_273' title='bbox 705 1562 771 1610; x_wconf 91' lang='lat' dir='ltr'><strong>qui</strong></span> <span class='ocrx_word' id='word_1_274' title='bbox 800 1560 1002 1598; x_wconf 88' lang='lat' dir='ltr'><strong>iracundia</strong></span> <span class='ocrx_word' id='word_1_275' title='bbox 1029 1561 1178 1598; x_wconf 85' lang='lat' dir='ltr'><strong>incensi</strong></span> <span class='ocrx_word' id='word_1_276' title='bbox 1207 1565 1308 1603; x_wconf 81' lang='lat' dir='ltr'><strong>sunt,</strong></span> <span class='ocrx_word' id='word_1_277' title='bbox 1337 1560 1611 1610; x_wconf 85' lang='lat' dir='ltr'><strong>admonendos,</strong></span> <span class='ocrx_word' id='word_1_278' title='bbox 1639 1573 1688 1599; x_wconf 90' lang='lat' dir='ltr'><strong>ne</strong></span> <span class='ocrx_word' id='word_1_279' title='bbox 1728 1573 1812 1599; x_wconf 88' lang='lat' dir='ltr'><strong>sero</strong></span> <span class='ocrx_word' id='word_1_280' title='bbox 1840 1561 1936 1598; x_wconf 87' lang='lat' dir='ltr'><strong>iram</strong></span> <span class='ocrx_word' id='word_1_281' title='bbox 1966 1562 2170 1599; x_wconf 86' lang='lat' dir='ltr'><strong>remittant.</strong></span> <span class='ocrx_word' id='word_1_282' title='bbox 2226 1561 2379 1600; x_wconf 89' lang='lat' dir='ltr'><strong>Philoe-</strong></span> 
     </span>
     <span class='ocr_line' id='line_1_22' title="bbox 113 1622 2380 1675; baseline 0 -13"><span class='ocrx_word' id='word_1_283' title='bbox 113 1626 192 1662; x_wconf 91' lang='lat' dir='ltr'><strong>tius</strong></span> <span class='ocrx_word' id='word_1_284' title='bbox 221 1628 362 1671; x_wconf 88' lang='lat' dir='ltr'><strong>autem,</strong></span> <span class='ocrx_word' id='word_1_285' title='bbox 390 1624 504 1662; x_wconf 91' lang='lat' dir='ltr'><strong>homo</strong></span> <span class='ocrx_word' id='word_1_286' title='bbox 534 1623 581 1660; x_wconf 91' lang='lat' dir='ltr'><strong>ad</strong></span> <span class='ocrx_word' id='word_1_287' title='bbox 610 1622 914 1660; x_wconf 87' lang='lat' dir='ltr'><strong>misericordiam</strong></span> <span class='ocrx_word' id='word_1_288' title='bbox 953 1635 1169 1673; x_wconf 90' lang='lat' dir='ltr'><strong>propensus</strong></span> <span class='ocrx_word' id='word_1_289' title='bbox 1198 1628 1234 1661; x_wconf 89' lang='lat' dir='ltr'><strong>et</strong></span> <span class='ocrx_word' id='word_1_290' title='bbox 1281 1624 1345 1673; x_wconf 85' lang='lat' dir='ltr'><strong>qui</strong></span> <span class='ocrx_word' id='word_1_291' title='bbox 1389 1624 1438 1661; x_wconf 91' lang='lat' dir='ltr'><strong>sit</strong></span> <span class='ocrx_word' id='word_1_292' title='bbox 1471 1624 1601 1661; x_wconf 81' lang='lat' dir='ltr'><strong>nativa</strong></span> <span class='ocrx_word' id='word_1_293' title='bbox 1639 1624 1819 1671; x_wconf 89' lang='lat' dir='ltr'><strong>sollertia,</strong></span> <span class='ocrx_word' id='word_1_294' title='bbox 1860 1624 1997 1662; x_wconf 78' lang='lat' dir='ltr'><strong>videns</strong></span> <span class='ocrx_word' id='word_1_295' title='bbox 2037 1624 2260 1662; x_wconf 89' lang='lat' dir='ltr'><strong>mendicum</strong></span> <span class='ocrx_word' id='word_1_296' title='bbox 2287 1638 2380 1675; x_wconf 88' lang='lat' dir='ltr'><strong>pan-</strong></span> 
     </span>
     <span class='ocr_line' id='line_1_23' title="bbox 112 1686 2380 1737; baseline 0 -13"><span class='ocrx_word' id='word_1_297' title='bbox 112 1700 254 1724; x_wconf 89' lang='lat' dir='ltr'><strong>nosum</strong></span> <span class='ocrx_word' id='word_1_298' title='bbox 283 1686 528 1736; x_wconf 89' lang='lat' dir='ltr'><strong>eundemque</strong></span> <span class='ocrx_word' id='word_1_299' title='bbox 557 1698 645 1723; x_wconf 88' lang='lat' dir='ltr'><strong>cum</strong></span> <span class='ocrx_word' id='word_1_300' title='bbox 667 1686 834 1736; x_wconf 86' lang='lat' dir='ltr'><strong>quadam</strong></span> <span class='ocrx_word' id='word_1_301' title='bbox 862 1686 982 1736; x_wconf 87' lang='lat' dir='ltr'><strong>regali</strong></span> <span class='ocrx_word' id='word_1_302' title='bbox 1001 1687 1190 1736; x_wconf 83' lang='lat' dir='ltr'><strong>elegantia</strong></span> <span class='ocrx_word' id='word_1_303' title='bbox 1211 1687 1402 1724; x_wconf 87' lang='lat' dir='ltr'><strong>dicentem</strong></span> <span class='ocrx_word' id='word_1_304' title='bbox 1430 1692 1466 1724; x_wconf 89' lang='lat' dir='ltr'><strong>et</strong></span> <span class='ocrx_word' id='word_1_305' title='bbox 1494 1691 1682 1737; x_wconf 89' lang='lat' dir='ltr'><strong>agentem,</strong></span> <span class='ocrx_word' id='word_1_306' title='bbox 1712 1699 1827 1737; x_wconf 88' lang='lat' dir='ltr'><strong>quem</strong></span> <span class='ocrx_word' id='word_1_307' title='bbox 1849 1687 2006 1725; x_wconf 85' lang='lat' dir='ltr'><strong>Ulixem</strong></span> <span class='ocrx_word' id='word_1_308' title='bbox 2035 1687 2237 1725; x_wconf 89' lang='lat' dir='ltr'><strong>dominum</strong></span> <span class='ocrx_word' id='word_1_309' title='bbox 2264 1700 2380 1726; x_wconf 91' lang='lat' dir='ltr'><strong>suum</strong></span> 
     </span>
     <span class='ocr_line' id='line_1_24' title="bbox 112 1748 2380 1800; baseline 0 -12"><span class='ocrx_word' id='word_1_310' title='bbox 112 1762 197 1788; x_wconf 88' lang='lat' dir='ltr'><strong>esse</strong></span> <span class='ocrx_word' id='word_1_311' title='bbox 225 1750 359 1797; x_wconf 88' lang='lat' dir='ltr'><strong>nescit,</strong></span> <span class='ocrx_word' id='word_1_312' title='bbox 387 1761 465 1786; x_wconf 89' lang='lat' dir='ltr'><strong>non</strong></span> <span class='ocrx_word' id='word_1_313' title='bbox 493 1753 628 1798; x_wconf 90' lang='lat' dir='ltr'><strong>potest,</strong></span> <span class='ocrx_word' id='word_1_314' title='bbox 658 1749 753 1798; x_wconf 89' lang='lat' dir='ltr'><strong>quin</strong></span> <span class='ocrx_word' id='word_1_315' title='bbox 782 1748 1062 1795; x_wconf 81' lang='lat' dir='ltr'><strong>exclaniet:¹¹¹)</strong></span> <span class='ocrx_word' id='word_1_316' title='bbox 1117 1749 1302 1799; x_wconf 81' lang='lat' dir='ltr'><strong>luppiter,</strong></span> <span class='ocrx_word' id='word_1_317' title='bbox 1341 1762 1454 1787; x_wconf 89' lang='lat' dir='ltr'><strong>nemo</strong></span> <span class='ocrx_word' id='word_1_318' title='bbox 1495 1750 1655 1787; x_wconf 89' lang='lat' dir='ltr'><strong>deorum</strong></span> <span class='ocrx_word' id='word_1_319' title='bbox 1686 1750 1878 1787; x_wconf 88' lang='lat' dir='ltr'><strong>crudelior</strong></span> <span class='ocrx_word' id='word_1_320' title='bbox 1907 1755 1965 1788; x_wconf 86' lang='lat' dir='ltr'><strong>est</strong></span> <span class='ocrx_word' id='word_1_321' title='bbox 1997 1751 2051 1788; x_wconf 87' lang='lat' dir='ltr'><strong>te!</strong></span> <span class='ocrx_word' id='word_1_322' title='bbox 2095 1751 2161 1800; x_wconf 90' lang='lat' dir='ltr'><strong>qui</strong></span> <span class='ocrx_word' id='word_1_323' title='bbox 2205 1751 2380 1788; x_wconf 91' lang='lat' dir='ltr'><strong>homines</strong></span> 
     </span>
    </p>
   </div>
   <div class='ocr_carea' id='block_1_3' title="bbox 114 1812 2437 1863">
    <p class='ocr_par' dir='ltr' id='par_1_3' title="bbox 114 1812 2437 1863">
     <span class='ocr_line' id='line_1_25' title="bbox 114 1812 2437 1863; baseline 0 -12"><span class='ocrx_word' id='word_1_324' title='bbox 114 1813 279 1852; x_wconf 90' lang='lat' dir='ltr'><strong>simulac</strong></span> <span class='ocrx_word' id='word_1_325' title='bbox 309 1814 390 1863; x_wconf 82' lang='lat' dir='ltr'><strong>ipse</strong></span> <span class='ocrx_word' id='word_1_326' title='bbox 419 1813 596 1850; x_wconf 78' lang='lat' dir='ltr'><strong>creavisti</strong></span> <span class='ocrx_word' id='word_1_327' title='bbox 623 1824 700 1849; x_wconf 85' lang='lat' dir='ltr'><strong>non</strong></span> <span class='ocrx_word' id='word_1_328' title='bbox 731 1812 1021 1860; x_wconf 80' lang='lat' dir='ltr'><strong>connnisereris,</strong></span> <span class='ocrx_word' id='word_1_329' title='bbox 1050 1812 1117 1850; x_wconf 87' lang='lat' dir='ltr'><strong>sed</strong></span> <span class='ocrx_word' id='word_1_330' title='bbox 1138 1812 1185 1850; x_wconf 90' lang='lat' dir='ltr'><strong>ad</strong></span> <span class='ocrx_word' id='word_1_331' title='bbox 1214 1824 1406 1850; x_wconf 88' lang='lat' dir='ltr'><strong>summam</strong></span> <span class='ocrx_word' id='word_1_332' title='bbox 1434 1813 1604 1863; x_wconf 89' lang='lat' dir='ltr'><strong>inopiam</strong></span> <span class='ocrx_word' id='word_1_333' title='bbox 1633 1816 1669 1850; x_wconf 88' lang='lat' dir='ltr'><strong>et</strong></span> <span class='ocrx_word' id='word_1_334' title='bbox 1694 1813 1960 1852; x_wconf 86' lang='lat' dir='ltr'><strong>incredibilem</strong></span> <span class='ocrx_word' id='word_1_335' title='bbox 1979 1814 2174 1851; x_wconf 88' lang='lat' dir='ltr'><strong>miseriam</strong></span> <span class='ocrx_word' id='word_1_336' title='bbox 2202 1814 2379 1852; x_wconf 88' lang='lat' dir='ltr'><strong>conicias.</strong></span> <span class='ocrx_word' id='word_1_337' title='bbox 2433 1835 2437 1839; x_wconf 90' lang='lat'><em>-</em></span> 
     </span>
    </p>
   </div>
   <div class='ocr_carea' id='block_1_4' title="bbox 109 1874 2380 1988">
    <p class='ocr_par' dir='ltr' id='par_1_4' title="bbox 109 1874 2380 1988">
     <span class='ocr_line' id='line_1_26' title="bbox 112 1874 2380 1928; baseline 0 -13"><span class='ocrx_word' id='word_1_338' title='bbox 112 1876 198 1923; x_wconf 82' lang='lat' dir='ltr'><strong>Qua</strong></span> <span class='ocrx_word' id='word_1_339' title='bbox 226 1888 320 1914; x_wconf 78' lang='lat' dir='ltr'><strong>voce</strong></span> <span class='ocrx_word' id='word_1_340' title='bbox 348 1877 477 1913; x_wconf 73' lang='lat' dir='ltr'><strong>nescio</strong></span> <span class='ocrx_word' id='word_1_341' title='bbox 508 1888 584 1925; x_wconf 84' lang='lat' dir='ltr'><strong>quo</strong></span> <span class='ocrx_word' id='word_1_342' title='bbox 612 1881 722 1925; x_wconf 89' lang='lat' dir='ltr'><strong>pacto</strong></span> <span class='ocrx_word' id='word_1_343' title='bbox 743 1876 910 1925; x_wconf 90' lang='lat' dir='ltr'><strong>optimus</strong></span> <span class='ocrx_word' id='word_1_344' title='bbox 938 1874 1132 1913; x_wconf 87' lang='lat' dir='ltr'><strong>bubulcus</strong></span> <span class='ocrx_word' id='word_1_345' title='bbox 1162 1876 1308 1914; x_wconf 88' lang='lat' dir='ltr'><strong>inscius</strong></span> <span class='ocrx_word' id='word_1_346' title='bbox 1337 1888 1422 1913; x_wconf 90' lang='lat' dir='ltr'><strong>eam</strong></span> <span class='ocrx_word' id='word_1_347' title='bbox 1448 1877 1711 1926; x_wconf 85' lang='lat' dir='ltr'><strong>quaestionem</strong></span> <span class='ocrx_word' id='word_1_348' title='bbox 1740 1876 2006 1914; x_wconf 85' lang='lat' dir='ltr'><strong>difficillimam</strong></span> <span class='ocrx_word' id='word_1_349' title='bbox 2033 1876 2235 1928; x_wconf 90' lang='lat' dir='ltr'><strong>significat,</strong></span> <span class='ocrx_word' id='word_1_350' title='bbox 2264 1890 2380 1927; x_wconf 89' lang='lat' dir='ltr'><strong>quam</strong></span> 
     </span>
     <span class='ocr_line' id='line_1_27' title="bbox 109 1939 978 1988; baseline -0.003 -10"><span class='ocrx_word' id='word_1_351' title='bbox 109 1952 225 1978; x_wconf 89' lang='lat' dir='ltr'><strong>nemo</strong></span> <span class='ocrx_word' id='word_1_352' title='bbox 254 1940 381 1977; x_wconf 87' lang='lat' dir='ltr'><strong>adhuc</strong></span> <span class='ocrx_word' id='word_1_353' title='bbox 410 1939 725 1988; x_wconf 85' lang='lat' dir='ltr'><strong>philosophorum</strong></span> <span class='ocrx_word' id='word_1_354' title='bbox 761 1939 978 1988; x_wconf 81' lang='lat' dir='ltr'><strong>explicavit.</strong></span> 
     </span>
    </p>
   </div>
   <div class='ocr_carea' id='block_1_5' title="bbox 108 2013 2381 3082">
    <p class='ocr_par' dir='ltr' id='par_1_5' title="bbox 111 2013 2381 2571">
     <span class='ocr_line' id='line_1_28' title="bbox 303 2013 2381 2065; baseline 0.001 -15"><span class='ocrx_word' id='word_1_355' title='bbox 303 2015 388 2063; x_wconf 82' lang='lat' dir='ltr'><strong>Age</strong></span> <span class='ocrx_word' id='word_1_356' title='bbox 424 2025 528 2051; x_wconf 88' lang='lat' dir='ltr'><strong>nunc</strong></span> <span class='ocrx_word' id='word_1_357' title='bbox 556 2013 856 2061; x_wconf 86' lang='lat' dir='ltr'><strong>consideremus,</strong></span> <span class='ocrx_word' id='word_1_358' title='bbox 897 2026 1060 2062; x_wconf 84' lang='lat' dir='ltr'><strong>quarum</strong></span> <span class='ocrx_word' id='word_1_359' title='bbox 1101 2025 1229 2051; x_wconf 87' lang='lat' dir='ltr'><strong>rerum</strong></span> <span class='ocrx_word' id='word_1_360' title='bbox 1270 2015 1567 2063; x_wconf 83' lang='lat' dir='ltr'><strong>explicationem</strong></span> <span class='ocrx_word' id='word_1_361' title='bbox 1604 2014 1702 2051; x_wconf 87' lang='lat' dir='ltr'><strong>bene</strong></span> <span class='ocrx_word' id='word_1_362' title='bbox 1737 2015 1894 2052; x_wconf 83' lang='lat' dir='ltr'><strong>vivendi</strong></span> <span class='ocrx_word' id='word_1_363' title='bbox 1933 2015 2136 2065; x_wconf 86' lang='lat' dir='ltr'><strong>disciplina</strong></span> <span class='ocrx_word' id='word_1_364' title='bbox 2175 2015 2381 2053; x_wconf 87' lang='lat' dir='ltr'><strong>Homerica</strong></span> 
     </span>
     <span class='ocr_line' id='line_1_29' title="bbox 111 2076 2379 2129; baseline 0 -13"><span class='ocrx_word' id='word_1_365' title='bbox 111 2078 315 2116; x_wconf 87' lang='lat' dir='ltr'><strong>contineat.</strong></span> <span class='ocrx_word' id='word_1_366' title='bbox 372 2076 470 2115; x_wconf 81' lang='lat' dir='ltr'><strong>Sunt</strong></span> <span class='ocrx_word' id='word_1_367' title='bbox 507 2081 631 2115; x_wconf 84' lang='lat' dir='ltr'><strong>autem</strong></span> <span class='ocrx_word' id='word_1_368' title='bbox 669 2076 880 2115; x_wconf 87' lang='lat' dir='ltr'><strong>sententiae</strong></span> <span class='ocrx_word' id='word_1_369' title='bbox 907 2076 948 2114; x_wconf 89' lang='lat' dir='ltr'><strong>in</strong></span> <span class='ocrx_word' id='word_1_370' title='bbox 978 2076 1045 2114; x_wconf 86' lang='lat' dir='ltr'><strong>has</strong></span> <span class='ocrx_word' id='word_1_371' title='bbox 1074 2081 1200 2127; x_wconf 82' lang='lat' dir='ltr'><strong>partes</strong></span> <span class='ocrx_word' id='word_1_372' title='bbox 1228 2076 1526 2115; x_wconf 80' lang='lat' dir='ltr'><strong>distribuendae.</strong></span> <span class='ocrx_word' id='word_1_373' title='bbox 1572 2076 1667 2115; x_wconf 83' lang='lat' dir='ltr'><strong>Pars</strong></span> <span class='ocrx_word' id='word_1_374' title='bbox 1690 2077 1932 2128; x_wconf 87' lang='lat' dir='ltr'><strong>amplectitur</strong></span> <span class='ocrx_word' id='word_1_375' title='bbox 1959 2083 2159 2129; x_wconf 87' lang='lat' dir='ltr'><strong>praecepta</strong></span> <span class='ocrx_word' id='word_1_376' title='bbox 2186 2077 2234 2116; x_wconf 89' lang='lat' dir='ltr'><strong>ad</strong></span> <span class='ocrx_word' id='word_1_377' title='bbox 2262 2079 2379 2117; x_wconf 70' lang='lat' dir='ltr'><strong>vitam</strong></span> 
     </span>
     <span class='ocr_line' id='line_1_30' title="bbox 115 2140 2380 2191; baseline 0 -13"><span class='ocrx_word' id='word_1_378' title='bbox 115 2142 220 2179; x_wconf 89' lang='lat' dir='ltr'><strong>omni</strong></span> <span class='ocrx_word' id='word_1_379' title='bbox 249 2154 297 2178; x_wconf 86' lang='lat' dir='ltr'><strong>ex</strong></span> <span class='ocrx_word' id='word_1_380' title='bbox 328 2148 433 2190; x_wconf 87' lang='lat' dir='ltr'><strong>parte</strong></span> <span class='ocrx_word' id='word_1_381' title='bbox 461 2140 793 2179; x_wconf 79' lang='lat' dir='ltr'><strong>conformandam:</strong></span> <span class='ocrx_word' id='word_1_382' title='bbox 836 2153 922 2190; x_wconf 86' lang='lat' dir='ltr'><strong>pars</strong></span> <span class='ocrx_word' id='word_1_383' title='bbox 959 2142 1122 2190; x_wconf 71' lang='lat' dir='ltr'><strong>peitinet</strong></span> <span class='ocrx_word' id='word_1_384' title='bbox 1158 2141 1205 2177; x_wconf 89' lang='lat' dir='ltr'><strong>ad</strong></span> <span class='ocrx_word' id='word_1_385' title='bbox 1241 2142 1479 2191; x_wconf 78' lang='lat' dir='ltr'><strong>religionem,</strong></span> <span class='ocrx_word' id='word_1_386' title='bbox 1519 2142 1600 2178; x_wconf 70' lang='lat' dir='ltr'><strong>sive</strong></span> <span class='ocrx_word' id='word_1_387' title='bbox 1639 2141 1685 2178; x_wconf 91' lang='lat' dir='ltr'><strong>ad</strong></span> <span class='ocrx_word' id='word_1_388' title='bbox 1726 2142 2048 2191; x_wconf 76' lang='lat' dir='ltr'><strong>supeistitionem,</strong></span> <span class='ocrx_word' id='word_1_389' title='bbox 2088 2142 2170 2179; x_wconf 80' lang='lat' dir='ltr'><strong>sive</strong></span> <span class='ocrx_word' id='word_1_390' title='bbox 2209 2141 2257 2178; x_wconf 90' lang='lat' dir='ltr'><strong>ad</strong></span> <span class='ocrx_word' id='word_1_391' title='bbox 2296 2153 2380 2179; x_wconf 90' lang='lat' dir='ltr'><strong>eam</strong></span> 
     </span>
     <span class='ocr_line' id='line_1_31' title="bbox 116 2193 2381 2255; baseline 0.001 -14"><span class='ocrx_word' id='word_1_392' title='bbox 116 2205 308 2254; x_wconf 76' lang='lat' dir='ltr'><strong>pietatem,</strong></span> <span class='ocrx_word' id='word_1_393' title='bbox 338 2216 414 2253; x_wconf 84' lang='lat' dir='ltr'><strong>qua</strong></span> <span class='ocrx_word' id='word_1_394' title='bbox 444 2204 509 2253; x_wconf 86' lang='lat' dir='ltr'><strong>qui</strong></span> <span class='ocrx_word' id='word_1_395' title='bbox 539 2203 700 2253; x_wconf 87' lang='lat' dir='ltr'><strong>praediti</strong></span> <span class='ocrx_word' id='word_1_396' title='bbox 727 2208 828 2251; x_wconf 82' lang='lat' dir='ltr'><strong>sunt,</strong></span> <span class='ocrx_word' id='word_1_397' title='bbox 868 2203 1056 2241; x_wconf 82' lang='lat' dir='ltr'><strong>voluntati</strong></span> <span class='ocrx_word' id='word_1_398' title='bbox 1094 2204 1254 2242; x_wconf 87' lang='lat' dir='ltr'><strong>deorum</strong></span> <span class='ocrx_word' id='word_1_399' title='bbox 1282 2210 1432 2255; x_wconf 80' lang='lat' dir='ltr'><strong>parent·,</strong></span> <span class='ocrx_word' id='word_1_400' title='bbox 1473 2217 1559 2254; x_wconf 86' lang='lat' dir='ltr'><strong>pars</strong></span> <span class='ocrx_word' id='word_1_401' title='bbox 1598 2205 1638 2241; x_wconf 92' lang='lat' dir='ltr'><strong>in</strong></span> <span class='ocrx_word' id='word_1_402' title='bbox 1677 2205 1752 2242; x_wconf 87' lang='lat' dir='ltr'><strong>fato</strong></span> <span class='ocrx_word' id='word_1_403' title='bbox 1791 2193 2035 2255; x_wconf 84' lang='lat' dir='ltr'><strong>explanando</strong></span> <span class='ocrx_word' id='word_1_404' title='bbox 2074 2209 2260 2253; x_wconf 91' lang='lat' dir='ltr'><strong>versatur,</strong></span> <span class='ocrx_word' id='word_1_405' title='bbox 2299 2206 2381 2243; x_wconf 81' lang='lat' dir='ltr'><strong>sive</strong></span> 
     </span>
     <span class='ocr_line' id='line_1_32' title="bbox 114 2267 2381 2319; baseline 0 -14"><span class='ocrx_word' id='word_1_406' title='bbox 114 2268 217 2317; x_wconf 84' lang='lat' dir='ltr'><strong>quod</strong></span> <span class='ocrx_word' id='word_1_407' title='bbox 246 2267 480 2304; x_wconf 73' lang='lat' dir='ltr'><strong>fortissimus</strong></span> <span class='ocrx_word' id='word_1_408' title='bbox 510 2268 673 2316; x_wconf 81' lang='lat' dir='ltr'><strong>quisque</strong></span> <span class='ocrx_word' id='word_1_409' title='bbox 701 2272 805 2304; x_wconf 87' lang='lat' dir='ltr'><strong>tanta</strong></span> <span class='ocrx_word' id='word_1_410' title='bbox 833 2268 1033 2316; x_wconf 78' lang='lat' dir='ltr'><strong>gravitate,</strong></span> <span class='ocrx_word' id='word_1_411' title='bbox 1062 2277 1203 2317; x_wconf 83' lang='lat' dir='ltr'><strong>quanta</strong></span> <span class='ocrx_word' id='word_1_412' title='bbox 1234 2269 1346 2305; x_wconf 75' lang='lat' dir='ltr'><strong>habet</strong></span> <span class='ocrx_word' id='word_1_413' title='bbox 1377 2270 1457 2318; x_wconf 84' lang='lat' dir='ltr'><strong>ipsa</strong></span> <span class='ocrx_word' id='word_1_414' title='bbox 1492 2269 1703 2305; x_wconf 76' lang='lat' dir='ltr'><strong>sententiae</strong></span> <span class='ocrx_word' id='word_1_415' title='bbox 1738 2269 1829 2311; x_wconf 76' lang='lat' dir='ltr'><strong>vim,</strong></span> <span class='ocrx_word' id='word_1_416' title='bbox 1863 2269 2072 2319; x_wconf 90' lang='lat' dir='ltr'><strong>profitetur,</strong></span> <span class='ocrx_word' id='word_1_417' title='bbox 2105 2281 2146 2306; x_wconf 87' lang='lat' dir='ltr'><strong>se</strong></span> <span class='ocrx_word' id='word_1_418' title='bbox 2182 2280 2253 2305; x_wconf 90' lang='lat' dir='ltr'><strong>nec</strong></span> <span class='ocrx_word' id='word_1_419' title='bbox 2281 2269 2381 2306; x_wconf 77' lang='lat' dir='ltr'><strong>velle</strong></span> 
     </span>
     <span class='ocr_line' id='line_1_33' title="bbox 112 2329 2377 2382; baseline 0 -14"><span class='ocrx_word' id='word_1_420' title='bbox 112 2342 184 2368; x_wconf 87' lang='lat' dir='ltr'><strong>nec</strong></span> <span class='ocrx_word' id='word_1_421' title='bbox 213 2342 324 2380; x_wconf 86' lang='lat' dir='ltr'><strong>posse</strong></span> <span class='ocrx_word' id='word_1_422' title='bbox 353 2342 431 2367; x_wconf 91' lang='lat' dir='ltr'><strong>non</strong></span> <span class='ocrx_word' id='word_1_423' title='bbox 469 2329 745 2380; x_wconf 81' lang='lat' dir='ltr'><strong>obsequentem</strong></span> <span class='ocrx_word' id='word_1_424' title='bbox 787 2342 870 2368; x_wconf 76' lang='lat' dir='ltr'><strong>esse</strong></span> <span class='ocrx_word' id='word_1_425' title='bbox 900 2341 1007 2382; x_wconf 71' lang='grc' dir='ltr'>μοίρᾳ,</span> <span class='ocrx_word' id='word_1_426' title='bbox 1038 2332 1120 2369; x_wconf 77' lang='lat' dir='ltr'><strong>sive</strong></span> <span class='ocrx_word' id='word_1_427' title='bbox 1160 2332 1263 2382; x_wconf 80' lang='lat' dir='ltr'><strong>quod</strong></span> <span class='ocrx_word' id='word_1_428' title='bbox 1302 2332 1491 2369; x_wconf 86' lang='lat' dir='ltr'><strong>sententia</strong></span> <span class='ocrx_word' id='word_1_429' title='bbox 1531 2332 1662 2381; x_wconf 81' lang='lat' dir='ltr'><strong>aliqua</strong></span> <span class='ocrx_word' id='word_1_430' title='bbox 1700 2343 1850 2370; x_wconf 88' lang='lat' dir='ltr'><strong>summa</strong></span> <span class='ocrx_word' id='word_1_431' title='bbox 1888 2332 2097 2370; x_wconf 85' lang='lat' dir='ltr'><strong>necessitas</strong></span> <span class='ocrx_word' id='word_1_432' title='bbox 2137 2332 2377 2381; x_wconf 73' lang='lat' dir='ltr'><strong>agnoscitur3</strong></span> 
     </span>
     <span class='ocr_line' id='line_1_34' title="bbox 113 2393 2380 2444; baseline 0 -14"><span class='ocrx_word' id='word_1_433' title='bbox 113 2405 201 2442; x_wconf 89' lang='lat' dir='ltr'><strong>pars</strong></span> <span class='ocrx_word' id='word_1_434' title='bbox 230 2394 385 2442; x_wconf 89' lang='lat' dir='ltr'><strong>culpam</strong></span> <span class='ocrx_word' id='word_1_435' title='bbox 413 2393 626 2440; x_wconf 85' lang='lat' dir='ltr'><strong>hominum,</strong></span> <span class='ocrx_word' id='word_1_436' title='bbox 655 2405 742 2442; x_wconf 86' lang='lat' dir='ltr'><strong>pars</strong></span> <span class='ocrx_word' id='word_1_437' title='bbox 768 2394 956 2431; x_wconf 89' lang='lat' dir='ltr'><strong>iustitiam</strong></span> <span class='ocrx_word' id='word_1_438' title='bbox 984 2399 1020 2431; x_wconf 89' lang='lat' dir='ltr'><strong>et</strong></span> <span class='ocrx_word' id='word_1_439' title='bbox 1048 2395 1206 2431; x_wconf 90' lang='lat' dir='ltr'><strong>modum</strong></span> <span class='ocrx_word' id='word_1_440' title='bbox 1235 2396 1275 2431; x_wconf 89' lang='lat' dir='ltr'><strong>in</strong></span> <span class='ocrx_word' id='word_1_441' title='bbox 1305 2395 1486 2431; x_wconf 88' lang='lat' dir='ltr'><strong>omnibus</strong></span> <span class='ocrx_word' id='word_1_442' title='bbox 1511 2394 1627 2431; x_wconf 88' lang='lat' dir='ltr'><strong>rebus</strong></span> <span class='ocrx_word' id='word_1_443' title='bbox 1647 2395 1902 2442; x_wconf 88' lang='lat' dir='ltr'><strong>retinendum,</strong></span> <span class='ocrx_word' id='word_1_444' title='bbox 1930 2408 2018 2444; x_wconf 88' lang='lat' dir='ltr'><strong>pars</strong></span> <span class='ocrx_word' id='word_1_445' title='bbox 2038 2406 2206 2431; x_wconf 86' lang='lat' dir='ltr'><strong>amorem</strong></span> <span class='ocrx_word' id='word_1_446' title='bbox 2235 2395 2380 2443; x_wconf 87' lang='lat' dir='ltr'><strong>patriae</strong></span> 
     </span>
     <span class='ocr_line' id='line_1_35' title="bbox 113 2455 2380 2508; baseline 0.001 -15"><span class='ocrx_word' id='word_1_447' title='bbox 113 2455 269 2507; x_wconf 85' lang='lat' dir='ltr'><strong>plurimi</strong></span> <span class='ocrx_word' id='word_1_448' title='bbox 299 2455 593 2496; x_wconf 84' lang='lat' dir='ltr'><strong>aestimandum.</strong></span> <span class='ocrx_word' id='word_1_449' title='bbox 622 2470 709 2507; x_wconf 89' lang='lat' dir='ltr'><strong>pars</strong></span> <span class='ocrx_word' id='word_1_450' title='bbox 737 2456 1045 2507; x_wconf 88' lang='lat' dir='ltr'><strong>perturbationes</strong></span> <span class='ocrx_word' id='word_1_451' title='bbox 1074 2459 1192 2495; x_wconf 90' lang='lat' dir='ltr'><strong>animi</strong></span> <span class='ocrx_word' id='word_1_452' title='bbox 1214 2470 1425 2508; x_wconf 86' lang='lat' dir='ltr'><strong>earumque</strong></span> <span class='ocrx_word' id='word_1_453' title='bbox 1453 2457 1732 2496; x_wconf 81' lang='lat' dir='ltr'><strong>medicamenta</strong></span> <span class='ocrx_word' id='word_1_454' title='bbox 1760 2464 1796 2496; x_wconf 91' lang='lat' dir='ltr'><strong>et</strong></span> <span class='ocrx_word' id='word_1_455' title='bbox 1824 2460 1964 2497; x_wconf 91' lang='lat' dir='ltr'><strong>mentis</strong></span> <span class='ocrx_word' id='word_1_456' title='bbox 1992 2458 2264 2506; x_wconf 78' lang='lat' dir='ltr'><strong>hebetudinen,</strong></span> <span class='ocrx_word' id='word_1_457' title='bbox 2292 2469 2380 2507; x_wconf 88' lang='lat' dir='ltr'><strong>pars</strong></span> 
     </span>
     <span class='ocr_line' id='line_1_36' title="bbox 115 2519 1289 2571; baseline 0.003 -15"><span class='ocrx_word' id='word_1_458' title='bbox 115 2519 282 2571; x_wconf 86' lang='lat' dir='ltr'><strong>denique</strong></span> <span class='ocrx_word' id='word_1_459' title='bbox 312 2520 390 2557; x_wconf 82' lang='lat' dir='ltr'><strong>vita</strong></span> <span class='ocrx_word' id='word_1_460' title='bbox 419 2519 589 2557; x_wconf 84' lang='lat' dir='ltr'><strong>luunana</strong></span> <span class='ocrx_word' id='word_1_461' title='bbox 617 2531 733 2570; x_wconf 88' lang='lat' dir='ltr'><strong>quam</strong></span> <span class='ocrx_word' id='word_1_462' title='bbox 761 2520 900 2558; x_wconf 86' lang='lat' dir='ltr'><strong>misera</strong></span> <span class='ocrx_word' id='word_1_463' title='bbox 930 2521 980 2558; x_wconf 91' lang='lat' dir='ltr'><strong>sit</strong></span> <span class='ocrx_word' id='word_1_464' title='bbox 1010 2520 1289 2568; x_wconf 80' lang='lat' dir='ltr'><strong>declarant.¹¹²)</strong></span> 
     </span>
    </p>

    <p class='ocr_par' dir='ltr' id='par_1_6' title="bbox 108 2582 2381 3082">
     <span class='ocr_line' id='line_1_37' title="bbox 304 2582 2381 2636; baseline 0 -14"><span class='ocrx_word' id='word_1_465' title='bbox 304 2582 378 2622; x_wconf 81' lang='lat' dir='ltr'><strong>Sed</strong></span> <span class='ocrx_word' id='word_1_466' title='bbox 407 2584 456 2621; x_wconf 88' lang='lat' dir='ltr'><strong>iis</strong></span> <span class='ocrx_word' id='word_1_467' title='bbox 485 2584 685 2621; x_wconf 86' lang='lat' dir='ltr'><strong>sententiis</strong></span> <span class='ocrx_word' id='word_1_468' title='bbox 705 2584 737 2621; x_wconf 87' lang='lat' dir='ltr'><strong>si</strong></span> <span class='ocrx_word' id='word_1_469' title='bbox 758 2585 845 2633; x_wconf 87' lang='lat' dir='ltr'><strong>quis</strong></span> <span class='ocrx_word' id='word_1_470' title='bbox 874 2584 922 2621; x_wconf 90' lang='lat' dir='ltr'><strong>ad</strong></span> <span class='ocrx_word' id='word_1_471' title='bbox 950 2589 1092 2622; x_wconf 78' lang='lat' dir='ltr'><strong>certam</strong></span> <span class='ocrx_word' id='word_1_472' title='bbox 1119 2598 1294 2623; x_wconf 90' lang='lat' dir='ltr'><strong>normam</strong></span> <span class='ocrx_word' id='word_1_473' title='bbox 1319 2585 1545 2623; x_wconf 87' lang='lat' dir='ltr'><strong>ordinandis</strong></span> <span class='ocrx_word' id='word_1_474' title='bbox 1572 2597 1726 2635; x_wconf 87' lang='lat' dir='ltr'><strong>operam</strong></span> <span class='ocrx_word' id='word_1_475' title='bbox 1746 2586 1836 2624; x_wconf 87' lang='lat' dir='ltr'><strong>dare</strong></span> <span class='ocrx_word' id='word_1_476' title='bbox 1856 2587 1961 2634; x_wconf 87' lang='lat' dir='ltr'><strong>velit,</strong></span> <span class='ocrx_word' id='word_1_477' title='bbox 1990 2586 2207 2636; x_wconf 85' lang='lat' dir='ltr'><strong>periculum</strong></span> <span class='ocrx_word' id='word_1_478' title='bbox 2225 2585 2381 2623; x_wconf 81' lang='lat' dir='ltr'><strong>videtur</strong></span> 
     </span>
     <span class='ocr_line' id='line_1_38' title="bbox 113 2645 2380 2701; baseline 0 -16"><span class='ocrx_word' id='word_1_479' title='bbox 113 2658 208 2694; x_wconf 78' lang='lat' dir='ltr'><strong>esse,</strong></span> <span class='ocrx_word' id='word_1_480' title='bbox 238 2659 285 2684; x_wconf 88' lang='lat' dir='ltr'><strong>ne</strong></span> <span class='ocrx_word' id='word_1_481' title='bbox 313 2659 367 2696; x_wconf 90' lang='lat' dir='ltr'><strong>ea,</strong></span> <span class='ocrx_word' id='word_1_482' title='bbox 397 2658 495 2698; x_wconf 86' lang='lat' dir='ltr'><strong>quae</strong></span> <span class='ocrx_word' id='word_1_483' title='bbox 523 2645 571 2684; x_wconf 89' lang='lat' dir='ltr'><strong>ab</strong></span> <span class='ocrx_word' id='word_1_484' title='bbox 600 2646 822 2685; x_wconf 91' lang='lat' dir='ltr'><strong>hominibus</strong></span> <span class='ocrx_word' id='word_1_485' title='bbox 851 2647 1094 2698; x_wconf 73' lang='lat' dir='ltr'><strong>simplicibus</strong></span> <span class='ocrx_word' id='word_1_486' title='bbox 1123 2649 1351 2699; x_wconf 91' lang='lat' dir='ltr'><strong>simpliciter</strong></span> <span class='ocrx_word' id='word_1_487' title='bbox 1379 2649 1481 2687; x_wconf 89' lang='lat' dir='ltr'><strong>dicta</strong></span> <span class='ocrx_word' id='word_1_488' title='bbox 1510 2653 1610 2698; x_wconf 87' lang='lat' dir='ltr'><strong>sunt,</strong></span> <span class='ocrx_word' id='word_1_489' title='bbox 1640 2656 1705 2687; x_wconf 87' lang='lat' dir='ltr'><strong>aut</strong></span> <span class='ocrx_word' id='word_1_490' title='bbox 1733 2654 1952 2701; x_wconf 89' lang='lat' dir='ltr'><strong>corrumpat</strong></span> <span class='ocrx_word' id='word_1_491' title='bbox 1986 2654 2052 2688; x_wconf 90' lang='lat' dir='ltr'><strong>aut</strong></span> <span class='ocrx_word' id='word_1_492' title='bbox 2088 2650 2141 2687; x_wconf 87' lang='lat' dir='ltr'><strong>ita</strong></span> <span class='ocrx_word' id='word_1_493' title='bbox 2177 2652 2309 2696; x_wconf 87' lang='lat' dir='ltr'><strong>mutet,</strong></span> <span class='ocrx_word' id='word_1_494' title='bbox 2336 2652 2380 2686; x_wconf 90' lang='lat' dir='ltr'><strong>ut</strong></span> 
     </span>
     <span class='ocr_line' id='line_1_39' title="bbox 112 2711 2379 2764; baseline 0 -15"><span class='ocrx_word' id='word_1_495' title='bbox 112 2711 242 2762; x_wconf 85' lang='lat' dir='ltr'><strong>qualia</strong></span> <span class='ocrx_word' id='word_1_496' title='bbox 271 2718 357 2749; x_wconf 87' lang='lat' dir='ltr'><strong>ante</strong></span> <span class='ocrx_word' id='word_1_497' title='bbox 384 2711 539 2760; x_wconf 85' lang='lat' dir='ltr'><strong>fuerint,</strong></span> <span class='ocrx_word' id='word_1_498' title='bbox 567 2722 682 2748; x_wconf 88' lang='lat' dir='ltr'><strong>nemo</strong></span> <span class='ocrx_word' id='word_1_499' title='bbox 711 2711 821 2749; x_wconf 86' lang='lat' dir='ltr'><strong>facile</strong></span> <span class='ocrx_word' id='word_1_500' title='bbox 849 2718 1041 2763; x_wconf 87' lang='lat' dir='ltr'><strong>agnoscat.</strong></span> <span class='ocrx_word' id='word_1_501' title='bbox 1089 2712 1218 2758; x_wconf 72' lang='lat' dir='ltr'><strong>Quid?</strong></span> <span class='ocrx_word' id='word_1_502' title='bbox 1255 2726 1377 2763; x_wconf 87' lang='lat' dir='ltr'><strong>quum</strong></span> <span class='ocrx_word' id='word_1_503' title='bbox 1412 2714 1439 2750; x_wconf 91' lang='lat' dir='ltr'><strong>ii</strong></span> <span class='ocrx_word' id='word_1_504' title='bbox 1476 2715 1541 2763; x_wconf 90' lang='lat' dir='ltr'><strong>qui</strong></span> <span class='ocrx_word' id='word_1_505' title='bbox 1579 2713 1750 2751; x_wconf 90' lang='lat' dir='ltr'><strong>doctrina</strong></span> <span class='ocrx_word' id='word_1_506' title='bbox 1785 2726 2027 2752; x_wconf 87' lang='lat' dir='ltr'><strong>summorum</strong></span> <span class='ocrx_word' id='word_1_507' title='bbox 2060 2712 2379 2764; x_wconf 88' lang='lat' dir='ltr'><strong>philosophorum</strong></span> 
     </span>
     <span class='ocr_line' id='line_1_40' title="bbox 108 2774 2380 2827; baseline 0 -15"><span class='ocrx_word' id='word_1_508' title='bbox 108 2774 249 2813; x_wconf 90' lang='lat' dir='ltr'><strong>imbuti</strong></span> <span class='ocrx_word' id='word_1_509' title='bbox 271 2780 371 2817; x_wconf 82' lang='lat' dir='ltr'><strong>sunt,</strong></span> <span class='ocrx_word' id='word_1_510' title='bbox 399 2788 478 2813; x_wconf 90' lang='lat' dir='ltr'><strong>non</strong></span> <span class='ocrx_word' id='word_1_511' title='bbox 506 2775 656 2825; x_wconf 87' lang='lat' dir='ltr'><strong>possint</strong></span> <span class='ocrx_word' id='word_1_512' title='bbox 683 2776 850 2817; x_wconf 79' lang='lat' dir='ltr'><strong>retineri,</strong></span> <span class='ocrx_word' id='word_1_513' title='bbox 880 2777 974 2825; x_wconf 91' lang='lat' dir='ltr'><strong>quin</strong></span> <span class='ocrx_word' id='word_1_514' title='bbox 1006 2778 1217 2826; x_wconf 82' lang='lat' dir='ltr'><strong>pugnantia</strong></span> <span class='ocrx_word' id='word_1_515' title='bbox 1246 2778 1457 2827; x_wconf 87' lang='lat' dir='ltr'><strong>loquantur</strong></span> <span class='ocrx_word' id='word_1_516' title='bbox 1485 2783 1521 2815; x_wconf 89' lang='lat' dir='ltr'><strong>et</strong></span> <span class='ocrx_word' id='word_1_517' title='bbox 1549 2778 1596 2815; x_wconf 88' lang='lat' dir='ltr'><strong>de</strong></span> <span class='ocrx_word' id='word_1_518' title='bbox 1623 2778 1760 2815; x_wconf 90' lang='lat' dir='ltr'><strong>iisdem</strong></span> <span class='ocrx_word' id='word_1_519' title='bbox 1777 2777 1893 2816; x_wconf 89' lang='lat' dir='ltr'><strong>rebus</strong></span> <span class='ocrx_word' id='word_1_520' title='bbox 1922 2778 1997 2815; x_wconf 88' lang='lat' dir='ltr'><strong>alia</strong></span> <span class='ocrx_word' id='word_1_521' title='bbox 2024 2777 2225 2815; x_wconf 88' lang='lat' dir='ltr'><strong>occasione</strong></span> <span class='ocrx_word' id='word_1_522' title='bbox 2254 2776 2380 2814; x_wconf 86' lang='lat' dir='ltr'><strong>oblata</strong></span> 
     </span>
     <span class='ocr_line' id='line_1_41' title="bbox 109 2837 2378 2892; baseline 0 -16"><span class='ocrx_word' id='word_1_523' title='bbox 109 2837 221 2876; x_wconf 90' lang='lat' dir='ltr'><strong>aliter</strong></span> <span class='ocrx_word' id='word_1_524' title='bbox 248 2837 429 2887; x_wconf 80' lang='lat' dir='ltr'><strong>iudicent,</strong></span> <span class='ocrx_word' id='word_1_525' title='bbox 458 2838 614 2876; x_wconf 90' lang='lat' dir='ltr'><strong>homine</strong></span> <span class='ocrx_word' id='word_1_526' title='bbox 642 2837 849 2876; x_wconf 79' lang='lat' dir='ltr'><strong>Homerico</strong></span> <span class='ocrx_word' id='word_1_527' title='bbox 878 2840 971 2878; x_wconf 78' lang='lat' dir='ltr'><strong>vitio</strong></span> <span class='ocrx_word' id='word_1_528' title='bbox 1001 2840 1230 2879; x_wconf 68' lang='lat' dir='ltr'><strong>vertendum</strong></span> <span class='ocrx_word' id='word_1_529' title='bbox 1259 2841 1340 2881; x_wconf 83' lang='lat' dir='ltr'><strong>erit,</strong></span> <span class='ocrx_word' id='word_1_530' title='bbox 1370 2841 1401 2878; x_wconf 92' lang='lat' dir='ltr'><strong>si</strong></span> <span class='ocrx_word' id='word_1_531' title='bbox 1430 2840 1583 2878; x_wconf 90' lang='lat' dir='ltr'><strong>eosdem</strong></span> <span class='ocrx_word' id='word_1_532' title='bbox 1613 2841 1714 2891; x_wconf 90' lang='lat' dir='ltr'><strong>deos,</strong></span> <span class='ocrx_word' id='word_1_533' title='bbox 1745 2853 1842 2892; x_wconf 87' lang='lat' dir='ltr'><strong>quos</strong></span> <span class='ocrx_word' id='word_1_534' title='bbox 1871 2841 1965 2880; x_wconf 87' lang='lat' dir='ltr'><strong>alias</strong></span> <span class='ocrx_word' id='word_1_535' title='bbox 1993 2843 2156 2891; x_wconf 89' lang='lat' dir='ltr'><strong>auguste</strong></span> <span class='ocrx_word' id='word_1_536' title='bbox 2184 2843 2221 2877; x_wconf 87' lang='lat' dir='ltr'><strong>et</strong></span> <span class='ocrx_word' id='word_1_537' title='bbox 2249 2843 2378 2878; x_wconf 87' lang='lat' dir='ltr'><strong>sancte</strong></span> 
     </span>
     <span class='ocr_line' id='line_1_42' title="bbox 109 2901 2378 2955; baseline 0.001 -17"><span class='ocrx_word' id='word_1_538' title='bbox 109 2901 352 2939; x_wconf 79' lang='lat' dir='ltr'><strong>venerandos</strong></span> <span class='ocrx_word' id='word_1_539' title='bbox 393 2903 640 2943; x_wconf 81' lang='lat' dir='ltr'><strong>existimavit,</strong></span> <span class='ocrx_word' id='word_1_540' title='bbox 682 2914 966 2953; x_wconf 89' lang='lat' dir='ltr'><strong>nonnunquam</strong></span> <span class='ocrx_word' id='word_1_541' title='bbox 1007 2910 1163 2954; x_wconf 89' lang='lat' dir='ltr'><strong>propter</strong></span> <span class='ocrx_word' id='word_1_542' title='bbox 1203 2905 1346 2942; x_wconf 90' lang='lat' dir='ltr'><strong>iniuste</strong></span> <span class='ocrx_word' id='word_1_543' title='bbox 1387 2904 1485 2941; x_wconf 88' lang='lat' dir='ltr'><strong>facta</strong></span> <span class='ocrx_word' id='word_1_544' title='bbox 1519 2904 1773 2952; x_wconf 74' lang='lat' dir='ltr'><strong>accusatP¹¹³)</strong></span> <span class='ocrx_word' id='word_1_545' title='bbox 1832 2904 1970 2955; x_wconf 86' lang='lat' dir='ltr'><strong>Neque</strong></span> <span class='ocrx_word' id='word_1_546' title='bbox 2008 2904 2111 2942; x_wconf 87' lang='lat' dir='ltr'><strong>enim</strong></span> <span class='ocrx_word' id='word_1_547' title='bbox 2154 2903 2277 2951; x_wconf 87' lang='lat' dir='ltr'><strong>dictis,</strong></span> <span class='ocrx_word' id='word_1_548' title='bbox 2310 2903 2378 2941; x_wconf 88' lang='lat' dir='ltr'><strong>sed</strong></span> 
     </span>
     <span class='ocr_line' id='line_1_43' title="bbox 110 2965 2376 3017; baseline 0 -14"><span class='ocrx_word' id='word_1_549' title='bbox 110 2965 250 3003; x_wconf 82' lang='lat' dir='ltr'><strong>studiis</strong></span> <span class='ocrx_word' id='word_1_550' title='bbox 280 2969 316 3002; x_wconf 87' lang='lat' dir='ltr'><strong>et</strong></span> <span class='ocrx_word' id='word_1_551' title='bbox 342 2965 451 3003; x_wconf 85' lang='lat' dir='ltr'><strong>factis</strong></span> <span class='ocrx_word' id='word_1_552' title='bbox 480 2966 603 3003; x_wconf 83' lang='lat' dir='ltr'><strong>virtus</strong></span> <span class='ocrx_word' id='word_1_553' title='bbox 636 2965 837 3015; x_wconf 89' lang='lat' dir='ltr'><strong>dirigenda</strong></span> <span class='ocrx_word' id='word_1_554' title='bbox 867 2970 923 3003; x_wconf 90' lang='lat' dir='ltr'><strong>est</strong></span> <span class='ocrx_word' id='word_1_555' title='bbox 953 2979 1074 3016; x_wconf 89' lang='lat' dir='ltr'><strong>quum</strong></span> <span class='ocrx_word' id='word_1_556' title='bbox 1115 2968 1156 3004; x_wconf 90' lang='lat' dir='ltr'><strong>in</strong></span> <span class='ocrx_word' id='word_1_557' title='bbox 1186 2967 1367 3005; x_wconf 87' lang='lat' dir='ltr'><strong>onmibus</strong></span> <span class='ocrx_word' id='word_1_558' title='bbox 1395 2967 1523 3015; x_wconf 88' lang='lat' dir='ltr'><strong>rebus,</strong></span> <span class='ocrx_word' id='word_1_559' title='bbox 1566 2974 1648 3006; x_wconf 90' lang='lat' dir='ltr'><strong>tum</strong></span> <span class='ocrx_word' id='word_1_560' title='bbox 1677 2969 1717 3005; x_wconf 91' lang='lat' dir='ltr'><strong>in</strong></span> <span class='ocrx_word' id='word_1_561' title='bbox 1754 2968 1940 3017; x_wconf 88' lang='lat' dir='ltr'><strong>religione</strong></span> <span class='ocrx_word' id='word_1_562' title='bbox 1978 2971 2016 3005; x_wconf 90' lang='lat' dir='ltr'><strong>et</strong></span> <span class='ocrx_word' id='word_1_563' title='bbox 2056 2966 2165 3004; x_wconf 83' lang='lat' dir='ltr'><strong>cultu</strong></span> <span class='ocrx_word' id='word_1_564' title='bbox 2207 2966 2376 3004; x_wconf 87' lang='lat' dir='ltr'><strong>deorum.</strong></span> 
     </span>
     <span class='ocr_line' id='line_1_44' title="bbox 109 3027 2377 3082; baseline 0.001 -16"><span class='ocrx_word' id='word_1_565' title='bbox 109 3027 256 3066; x_wconf 89' lang='lat' dir='ltr'><strong>Hector</strong></span> <span class='ocrx_word' id='word_1_566' title='bbox 294 3028 412 3079; x_wconf 85' lang='lat' dir='ltr'><strong>igitur</strong></span> <span class='ocrx_word' id='word_1_567' title='bbox 449 3040 527 3066; x_wconf 91' lang='lat' dir='ltr'><strong>non</strong></span> <span class='ocrx_word' id='word_1_568' title='bbox 566 3041 634 3080; x_wconf 90' lang='lat' dir='ltr'><strong>pro</strong></span> <span class='ocrx_word' id='word_1_569' title='bbox 662 3028 819 3067; x_wconf 90' lang='lat' dir='ltr'><strong>homine</strong></span> <span class='ocrx_word' id='word_1_570' title='bbox 857 3029 974 3079; x_wconf 85' lang='lat' dir='ltr'><strong>impio</strong></span> <span class='ocrx_word' id='word_1_571' title='bbox 1013 3029 1215 3069; x_wconf 87' lang='lat' dir='ltr'><strong>habendus</strong></span> <span class='ocrx_word' id='word_1_572' title='bbox 1255 3037 1322 3077; x_wconf 85' lang='lat' dir='ltr'><strong>est,</strong></span> <span class='ocrx_word' id='word_1_573' title='bbox 1365 3030 1468 3081; x_wconf 88' lang='lat' dir='ltr'><strong>quod</strong></span> <span class='ocrx_word' id='word_1_574' title='bbox 1514 3031 1699 3081; x_wconf 89' lang='lat' dir='ltr'><strong>optimum</strong></span> <span class='ocrx_word' id='word_1_575' title='bbox 1742 3031 1950 3082; x_wconf 85' lang='lat' dir='ltr'><strong>augurium</strong></span> <span class='ocrx_word' id='word_1_576' title='bbox 1989 3042 2072 3069; x_wconf 88' lang='lat' dir='ltr'><strong>esse</strong></span> <span class='ocrx_word' id='word_1_577' title='bbox 2111 3029 2377 3069; x_wconf 87' lang='lat' dir='ltr'><strong>adiumentum</strong></span> 
     </span>
    </p>
   </div>
  </div>
 </body>
</html>
