2519 3449
1221 151 1270 189 16

107 338 300 376 malorum
328 342 386 377 est
414 343 549 377 auctor
576 339 700 377 tribus
727 338 855 386 rebus,
882 351 972 387 una,
1002 338 1107 388 quod
1136 340 1313 379 homines
1341 340 1480 378 mentis
1508 351 1636 377 errore
1663 339 1897 388 afficiuntur,
1931 340 2061 389 altera,
2091 342 2196 391 quod
2222 346 2378 392 propter

107 401 181 438 hoc
207 402 338 451 ipsum
377 401 439 439 vel
468 402 584 439 stulte
611 401 672 439 vel
714 401 857 438 iniuste
897 404 1028 451 agunt,
1070 403 1193 450 tertia,
1223 404 1328 454 quod
1357 407 1394 441 et
1421 401 1493 439 sibi
1522 402 1596 452 ipsi
1627 405 1664 440 et
1690 402 1776 440 aliis
1805 406 1954 440 nocent.
2009 402 2220 443 Rarissime
2247 409 2376 443 autem

107 462 160 512 fit,
189 467 233 502 ut
261 464 458 514 supplices
486 476 628 515 preces,
656 463 758 501 filiae
784 462 902 513 Iovis,
932 464 1075 515 quippe
1104 478 1214 516 quae,
1243 470 1286 506 111
1313 470 1404 506 011111
1432 465 1603 514 claudae,
1638 464 1793 515 culpam
1821 468 2044 516 sequantur,
2073 466 2329 506 incommodis
2357 479 2378 506 e

108 527 223 576 culpa
253 529 375 577 captis
404 525 696 574 medeantur.⁹²)
752 527 967 564 Possumus
995 528 1115 575 igitur
1132 530 1209 566 iam
1239 530 1312 567 hoc
1340 529 1577 575 confirmare,
1607 528 1754 565 homini
1783 528 1990 565 Homerico
2014 535 2091 577 ἄτην
2123 541 2207 567 eam
2238 530 2378 567 habere

107 589 231 626 visam
260 602 346 627 esse
376 591 465 637 vim,
494 594 536 626 111
562 600 690 638 neque
716 589 920 626 stultitiam
939 589 987 626 ab
1017 590 1159 627 iniuria
1184 602 1313 641 neque
1341 591 1540 629 stultitiam
1571 594 1608 628 et
1636 584 1820 627 iniuriam
1848 589 1896 627 ab
1916 591 2162 629 incommodo
2190 597 2227 630 et
2254 604 2377 643 poena

107 652 385 690 secernendam
428 664 510 690 esse
548 651 764 701 putaret.⁹³)
819 651 865 689 In
906 664 983 702 quo
1026 652 1190 703 dignum
1231 654 1387 693 videtur
1435 656 1660 698 memoratu,
1708 665 1757 691 ne
1793 652 1989 692 Socratem
2019 654 2177 704 quidem
2219 655 2377 694 desiisse

106 716 282 765 vestigiis
335 715 493 752 Homeri
540 715 718 752 insistere
766 715 977 762 docentem,
1024 716 1214 767 quidquid
1263 718 1446 755 vitiosum
1492 717 1530 753 in
1573 717 1729 754 homine
1774 720 1883 763 esset,
1929 717 1977 754 ad
2024 729 2193 756 errorem
2239 719 2376 756 mentis

107 778 353 816 referendum
392 789 485 825 esse,
523 781 569 824 et,
609 778 642 814 si
683 779 772 828 quis
810 778 1014 816 emendare
1052 791 1178 817 mores
1218 780 1345 827 vellet,
1388 781 1421 818 ei
1461 780 1615 816 initium
1654 779 1885 829 capiendum
1925 791 2008 818 esse
2050 780 2098 817 ab
2139 781 2377 830 ignorantiae

106 841 278 880 tenebris
318 840 580 878 discutiendis.

298 927 350 963 At
384 937 473 962 vero
506 925 648 962 adsunt
683 925 736 962 dii
774 925 918 975 ubique
953 925 1177 963 hominibus
1213 926 1274 963 vel
1320 927 1358 963 in
1394 926 1591 963 laboribus
1628 926 1876 963 exantlandis
1911 927 1971 964 vel
2009 928 2047 964 in
2084 928 2376 965 difficultatibus

106 988 361 1039 expediendis
396 987 457 1024 vel
491 988 530 1024 in
566 987 767 1025 doloribus
802 987 1010 1025 tolerandis
1046 992 1261 1038 tantopere,
1297 993 1338 1026 ut
1384 1001 1461 1026 non
1504 993 1692 1038 appareat,
1731 994 1920 1039 quantum
1955 989 2154 1039 perficiant
2189 990 2375 1031 homines,

106 1058 296 1103 quantum
326 1051 388 1087 dii.
444 1050 591 1098 Fateor,
621 1055 657 1088 et
687 1064 870 1100 magnum
900 1051 1056 1100 quidem
1087 1056 1143 1088 est
1173 1051 1332 1088 deorum
1361 1052 1570 1088 auxilium:
1620 1064 1714 1088 num
1743 1053 1861 1098 igitur
1889 1056 2044 1102 propter
2072 1053 2170 1090 hanc
2199 1065 2279 1090 rem
2309 1054 2375 1090 ho-

104 1117 228 1154 mines
257 1114 438 1151 desinunt
466 1106 538 1151 suo
568 1113 731 1151 consilio
766 1115 832 1157 uti,
870 1126 939 1151 sua
974 1114 1174 1151 voluntate
1209 1114 1424 1164 quidquam
1466 1115 1604 1164 agere?
1652 1113 1784 1159 Quid?
1827 1115 1863 1160 ii,
1900 1115 1967 1164 (1111
2000 1120 2127 1153 11101110
2169 1117 2376 1165 animoque

106 1178 248 1217 addicti
276 1181 367 1214 011111
401 1177 633 1214 christianae
670 1177 876 1222 doctrinae,
917 1189 1011 1214 num
1040 1177 1178 1219 00111111,
1216 1182 1404 1226 (1111111111111
1434 1178 1506 1227 ipsi
1538 1178 1575 1214 in
1606 1177 1720 1215 rebus
1759 1177 1931 1215 adversis
1966 1178 2194 1228 superandis
2222 1178 2374 1220 1110111111,

108 1246 297 1291 quantum
318 1239 414 1276 (10110
434 1239 786 1286 0011011001111110994)
842 1239 886 1275 ld
916 1239 1071 1289 quidem
1102 1251 1231 1276 nonne
1257 1240 1352 1276 adeo
1381 1240 1419 1276 in
1442 1240 1561 1277 dubio
1582 1244 1709 1277 manet
1733 1244 1769 1277 et
1791 1240 1969 1285 manebit,
2000 1244 2041 1278 ut
2062 1252 2109 1278 ne
2129 1253 2373 1279 summorum

109 1303 266 1353 quidem
295 1302 616 1351 philosophorum
646 1301 856 1338 subtilitate
885 1302 922 1337 in
954 1301 1079 1338 lucem
1101 1302 1260 1350 proferri
1290 1302 1435 1350 possit?
1491 1301 1556 1338 Dii
1584 1302 1781 1340 Homerici
1810 1308 1937 1340 autem
1967 1304 2159 1340 neminem
2189 1304 2374 1341 adiuvant

103 1366 178 1403 nisi
208 1365 275 1414 qui
304 1376 344 1401 se
373 1368 539 1413 praestat
568 1363 730 1413 dignum
760 1363 916 1400 auxilio.
973 1363 1155 1407 Videsne,
1194 1369 1234 1401 ut
1262 1363 1436 1401 Achilles
1473 1375 1550 1400 non
1579 1364 1745 1401 multum
1774 1364 1883 1413 absit,
1919 1366 2014 1415 quin
2043 1368 2376 1413 Agamemnonem

103 1428 232 1479 gladio
252 1427 384 1477 petat?
441 1426 598 1473 Vereor,
627 1438 676 1463 ne
698 1438 774 1463 11011
795 1425 968 1463 Minerva
1000 1426 1230 1476 impeditura
1257 1427 1383 1473 fuerit,
1413 1427 1621 1476 quominus
1642 1427 1882 1475 Agamemno
1911 1427 1958 1465 ab
1983 1428 2134 1465 Achille
2162 1435 2374 1470 necaretur.

104 1492 180 1530 nisi
209 1492 291 1541 ipse
320 1489 495 1527 Achilles
524 1490 556 1526 is
584 1489 732 1534 fuisset,
769 1490 834 1539 qui
865 1490 1052 1527 voluntati
1083 1489 1242 1527 deorum
1273 1494 1430 1540 pareret.
1487 1488 1534 1527 Et
1564 1489 1691 1527 hercle
1711 1491 1901 1540 reputavit
1932 1491 2114 1537 Achilles,
2148 1493 2376 1542 priusquam

104 1554 278 1606 gladium
319 1553 584 1602 destringeret,
622 1556 749 1590 utrum
786 1553 863 1590 irae.
905 1553 1124 1603 indulgeret
1160 1565 1209 1590 an
1244 1566 1284 1590 00
1322 1554 1403 1602 ipse
1438 1553 1659 1590 contineret.
1722 1551 1833 1598 Quod
1869 1552 2054 1600 Minerva,
2095 1555 2237 1604 quippe
2278 1567 2375 1605 quae

102 1629 255 1667 semper
284 1617 428 1665 optimo
457 1616 600 1664 cuique
634 1615 793 1656 adesset,
833 1616 1142 1653 animadvertens
1173 1628 1248 1652 non
1280 1616 1403 1665 potuit
1429 1615 1564 1656 facere.
1604 1616 1697 1665 quin
1728 1628 1768 1652 se
1798 1617 2067 1654 controversiis
2096 1629 2231 1667 regum
2260 1619 2375 1655 inter-

104 1679 328 1731 poneret⁹⁵i
383 1678 505 1721 Mitto,
536 1678 639 1727 quod
671 1678 734 1714 alii
774 1679 846 1715 viri
876 1679 947 1728 ipsi
978 1692 1133 1728 quoque
1175 1691 1250 1715 non
1283 1680 1366 1715 sine
1395 1679 1555 1715 deorum
1584 1691 1654 1728 ope
1696 1691 1855 1728 magnas
1887 1691 1947 1716 res
1975 1685 2194 1727 gesserunt:
2224 1685 2376 1718 tantum

104 1743 202 1782 dico.
232 1742 352 1780 Ulixe
380 1743 575 1778 neminem
605 1741 750 1778 maiora
770 1742 938 1791 pericula
970 1742 1135 1780 subiisse
1164 1747 1230 1779 aut
1255 1742 1409 1792 saepius
1427 1741 1662 1792 benignitate
1683 1741 1843 1779 deorum
1863 1746 2058 1780 servatum
2087 1754 2179 1780 esse.
2237 1743 2373 1793 Itaque

104 1805 432 1856 quemadmodum
467 1805 701 1853 comparatio
737 1805 924 1853 quaedam
962 1810 997 1842 01
1036 1806 1229 1842 contentio
1271 1806 1321 1842 ita
1349 1805 1429 1841 fieri
1461 1809 1583 1854 potest
1616 1810 1776 1841 naturae
1811 1810 1847 1841 01
1876 1805 2048 1847 deorum,
2084 1811 2126 1843 ut
2160 1806 2304 1843 fluvius
2339 1813 2375 1843 et

103 1869 211 1910 deus,
253 1868 319 1918 (1111
348 1867 469 1904 fluvio
499 1879 641 1916 aquam
675 1866 896 1916 praebendo
927 1867 982 1904 vel
1020 1867 1067 1904 ad
1102 1867 1275 1905 nandum
1312 1867 1371 1904 vel
1407 1866 1454 1904 ad
1492 1866 1702 1904 bibendum
1744 1867 2028 1916 quodammodo
2057 1873 2216 1918 praeest,
2252 1868 2310 1906 sol
2338 1873 2374 1906 et

103 1933 211 1979 deus,
241 1932 308 1981 (1111
344 1931 531 1968 beneficio
566 1930 705 1967 caloris
742 1934 777 1967 et
807 1930 905 1967 111010
940 1931 1114 1968 homines
1150 1930 1277 1977 afficit,
1313 1930 1418 1967 haud
1452 1930 1593 1967 diversi
1628 1930 1843 1977 videantur,
1879 1930 1945 1968 sed
1979 1944 2098 1969 unam
2138 1938 2174 1968 et
2214 1932 2374 1969 eandem

101 1995 269 2033 habeant
285 1996 375 2040 vim,
399 1994 511 2030 cuius
527 1992 674 2042 species
691 1993 740 2029 sit
761 1992 919 2042 duplex,
941 1994 1030 2030 item
1048 1993 1099 2030 dii
1117 1998 1154 2030 et
1168 1994 1343 2030 homines
1362 1993 1536 2030 eiusdem
1549 1997 1638 2029 sunt
1651 1993 1803 2041 generis
1818 1998 1855 2029 et
1870 1993 1965 2030 adeo
1981 1995 2142 2043 paritate
2157 1993 2376 2031 studiorum

101 2060 203 2096 inter
229 2070 269 2095 se
298 2057 507 2103 coniuncti,
537 2061 578 2093 ut
608 2067 707 2105 quae
736 2055 775 2092 hi
807 2055 927 2093 velint
955 2057 1112 2096 factum.
1142 2056 1198 2093 illi
1226 2068 1303 2093 non
1332 2055 1555 2106 impediant,
1583 2055 1650 2092 sed
1679 2054 1873 2097 adiuvent,
1901 2061 1954 2105 ut,
1995 2056 2138 2107 quibus
2168 2056 2282 2094 rebus
2311 2068 2375 2107 ge-

102 2122 234 2159 rendis
263 2122 316 2158 dii
346 2121 483 2157 intenti
504 2121 592 2161 sint,
622 2120 669 2156 iis
700 2119 946 2169 perficiendis
967 2120 1141 2156 homines
1161 2132 1315 2169 operam
1336 2119 1565 2168 impertiant.
1621 2118 1737 2155 Recte
1765 2119 1884 2174 igitur
1903 2118 1942 2156 L.
1965 2119 2188 2157 Feuerbach
2218 2116 2374 2163 dicit,⁹⁶)

101 2185 327 2235 saepissime
356 2183 629 2222 coniunctione
650 2193 704 2225 καί
724 2183 898 2233 apposita
918 2182 964 2220 ab
984 2182 1154 2221 Homero
1185 2183 1375 2221 actionem
1396 2182 1571 2219 homines
1591 2181 1748 2231 aequari
1767 2182 1908 2219 actioni
1929 2182 2001 2231 dei,
2021 2189 2058 2220 et
2078 2195 2177 2233 quae
2196 2183 2375 2234 exempla

104 2249 222 2287 huius
250 2249 304 2285 rei
334 2248 436 2285 idem
466 2248 583 2296 affert,
613 2252 704 2285 sunt
732 2247 883 2294 idonea,
914 2246 1056 2295 quibus
1085 2247 1380 2294 demonstretur,
1410 2245 1525 2283 deum
1553 2244 1650 2281 nihil
1671 2255 1793 2293 agere,
1823 2245 1926 2294 quod
1947 2257 2025 2282 non
2046 2257 2115 2283 sua
2144 2250 2279 2296 sponte
2307 2246 2375 2283 ho-

101 2312 248 2348 minem
275 2315 452 2348 acturum
486 2310 605 2348 fuisse
635 2309 819 2348 credibile
857 2310 916 2346 sit.
972 2309 1146 2358 Iuppiter
1181 2310 1375 2346 neminem
1402 2308 1511 2355 fallit,
1550 2307 1625 2343 nisi
1661 2307 1727 2355 qui
1761 2318 1801 2343 se
1835 2308 1916 2356 ipse
1947 2307 2145 2353 fcfellit.⁹⁷)
2200 2307 2375 2345 Minerva

101 2386 122 2412 e
151 2385 289 2411 somno
318 2374 476 2410 suscitat
506 2373 610 2410 domi
639 2372 805 2411 Menelai
832 2371 1105 2410 Telemachum
1132 2373 1272 2422 ipsum,
1302 2371 1406 2421 quod
1435 2371 1482 2409 de
1509 2370 1634 2421 patria
1661 2373 1697 2406 et
1725 2368 1771 2407 de
1798 2373 1904 2419 patre
1932 2375 2051 2419 curat,
2088 2383 2267 2409 somnum
2296 2383 2375 2409 non

102 2438 181 2474 iam
210 2435 489 2486 capientem.⁹⁸)
545 2436 669 2483 Adde,
713 2435 818 2486 quod
847 2434 981 2473 eadem
1010 2434 1197 2483 Minerva,
1227 2446 1348 2485 quum
1376 2433 1539 2472 Ulixem
1568 2443 1645 2470 non
1672 2431 1785 2469 facile
1813 2432 2051 2481 adduxisset,
2088 2436 2131 2471 ut
2157 2434 2231 2483 ipsi
2258 2433 2375 2471 fidem

104 2500 274 2548 haberet,
304 2500 419 2537 dixit:
451 2511 602 2549 semper
630 2501 713 2537 eius
742 2511 826 2536 eam
847 2510 931 2536 esse
959 2503 1138 2545 mentem,
1167 2502 1210 2535 111
1237 2510 1326 2534 011111
1354 2498 1438 2547 ipsa
1473 2496 1653 2546 quamvis
1681 2495 1721 2531 in
1750 2497 1929 2533 maximis
1965 2497 2130 2534 miseriis
2158 2502 2376 2534 versantem

105 2563 284 2601 deserere
312 2563 499 2612 nequiret,
537 2562 642 2613 quod
671 2566 772 2600 esset
799 2562 866 2600 ille
895 2573 963 2612 per
992 2573 1032 2599 se
1060 2561 1351 2599 sollertissimus
1379 2564 1416 2598 et
1443 2570 1596 2597 summo
1626 2557 1803 2595 acumine
1831 2559 2080 2610 maximaque
2107 2559 2377 2610 prudentia.⁹⁹)

103 2626 218 2672 Quod
248 2638 372 2675 quum
399 2626 452 2662 ita
479 2627 538 2674 sit,
567 2630 611 2663 ut
639 2625 680 2663 L.
709 2625 934 2663 Feuerbach
962 2625 1194 2662 assentiatur
1221 2621 1492 2671 affirmanti,⁹⁶)
1548 2621 1665 2659 deum
1692 2620 1843 2658 nullum
1884 2634 1968 2660 esse
1996 2623 2071 2660 nisi
2107 2623 2280 2660 animum
2308 2623 2376 2660 ho-

100 2690 231 2737 minis,
266 2700 381 2726 nemo
416 2700 502 2725 mea
522 2688 679 2738 quidem
699 2689 891 2726 sententia
909 2691 1136 2737 argumento
1165 2699 1186 2724 a
1215 2689 1353 2723 natura
1380 2685 1540 2735 repetito
1561 2684 1722 2734 cogitur,
1750 2688 1788 2722 et
1807 2684 1910 2734 quod
1939 2684 2000 2722 W.
2030 2684 2173 2722 Iordan
2199 2684 2375 2734 dicit,1⁰⁰)

100 2752 332 2800 Homerum,
361 2763 483 2801 quum
511 2750 725 2790 Minervam
751 2752 805 2789 ita
833 2751 1025 2788 dicentem
1053 2750 1182 2799 faciat,
1215 2760 1293 2787 non
1322 2748 1485 2786 latenter
1519 2751 1557 2785 et
1584 2746 1749 2784 obscure
1778 2747 2027 2797 significasse,
2064 2748 2131 2786 sed
2159 2748 2377 2787 luculenter

102 2815 321 2866 professum
350 2825 434 2851 esse
462 2826 572 2851 suam
599 2815 839 2865 religionem,
868 2814 963 2850 mihi
997 2813 1151 2851 videtur
1183 2813 1243 2849 vir
1271 2811 1518 2849 doctissimus
1553 2821 1664 2847 suam
1700 2808 1896 2847 doctrinae
1931 2810 2163 2849 christianae
2190 2812 2377 2861 interpre-

101 2878 287 2916 tationem
316 2876 567 2927 comprobare
592 2877 764 2915 voluisse
800 2877 1027 2915 auctoritate
1054 2875 1225 2914 Homeri.
1281 2873 1357 2913 Sed
1393 2872 1585 2924 quidquid
1621 2871 1669 2910 de
1702 2872 1762 2910 his
1790 2872 1917 2923 rebus,
1957 2873 2100 2924 quibus
2138 2874 2269 2912 nescio
2299 2886 2375 2925 quo

101 2945 214 2992 pacto
242 2941 284 2978 in
312 2941 499 2989 mysteria
526 2941 662 2978 intima
690 2941 905 2991 theologiae
931 2940 1138 2991 profanum
1166 2938 1309 2989 vulgus
1337 2936 1547 2985 inducitur,
1575 2934 1828 2990 iudicandum
1856 2939 1924 2986 est,
1957 2937 2032 2975 hoc
2060 2940 2219 2986 constat,
2247 2937 2281 2975 si
2306 2949 2376 2988 pro

101 3004 174 3044 deo
204 3005 319 3044 homo
348 3007 601 3055 supponatur,
633 3016 684 3043 ex
712 3004 893 3043 omnibus
921 3004 1124 3043 hominum
1152 3000 1376 3053 ,actionibus
1408 3000 1538 3038 omnia
1572 2998 1759 3037 miracula
1793 3000 1884 3038 exui
1911 3012 2033 3052 posse.
2089 2999 2201 3047 Quod
2230 3003 2273 3039 ut
2299 3000 2377 3052 fiat,
