2519 3449
105 383 220 431 dedit,
262 382 338 420 nisi
361 384 406 418 ut
433 379 604 416 carmina
631 379 794 416 sociaret
816 380 947 417 nervis
975 384 1012 417 et
1039 391 1173 417 vocem
1200 379 1344 418 fidibus
1371 381 1558 430 iungeret.
1614 379 1750 429 Itaque
1779 381 1954 417 omnium
1980 379 2198 418 liberalium
2226 381 2368 418 artium

103 446 262 497 plurimi
308 441 582 482 aestimabatur
627 441 674 479 ab
722 441 877 480 homine
904 441 1112 481 Homerico
1157 444 1316 493 poetica,
1363 456 1439 494 qua
1466 446 1578 494 poeta
1619 442 1753 491 effecit,
1798 447 1841 481 ut
1882 455 1958 481 non
1996 442 2109 481 modo
2136 443 2369 482 suavissima

103 509 299 558 voluptate
327 506 510 544 convivas
539 504 717 553 afficeret,
746 505 813 542 sed
841 506 957 543 etiam
985 506 1120 555 optimi
1146 507 1336 556 cuiusque
1356 508 1529 544 animum
1547 506 1814 544 incredibilem
1843 511 1881 544 et
1899 506 2120 543 mirandum
2146 508 2186 544 in
2206 507 2367 545 modum

103 572 281 609 incitaret
307 569 356 607 ad
384 569 576 606 virtutem.
633 567 751 606 Vates
778 569 897 618 igitur
922 569 998 606 nisi
1028 568 1160 606 divino
1199 570 1338 619 spiritu
1367 573 1491 607 tactus
1519 573 1619 607 esset
1647 581 1783 607 canere
1811 581 1889 607 non
1917 581 2029 619 posse
2057 568 2365 616 credebatur.¹⁸⁸)

104 633 229 680 Quare
257 632 406 671 etiamsi
433 631 601 669 hominis
629 630 828 669 Homerici
868 631 1046 682 voluptas
1074 643 1094 670 e
1122 631 1359 670 carminibus
1384 633 1552 671 recitatis
1590 636 1702 682 capta
1742 633 1964 683 saepissime
2005 632 2108 670 haud
2136 644 2366 684 magnopere

103 696 228 734 differt
255 707 277 733 6
302 694 446 745 gaudio
465 705 686 744 puerorum,
713 694 864 732 fabulas
892 693 1000 731 fictas
1028 706 1138 732 veras
1166 706 1250 732 esse
1277 695 1500 745 volentium,
1528 696 1569 733 id
1598 695 1703 745 quod
1730 707 1781 732 ex
1809 707 1853 732 eo
1874 699 2041 745 apparet,
2069 695 2173 745 quod
2201 696 2365 733 novissi-

100 773 208 798 mum
247 758 420 809 quidque
457 758 784 797 iucundissimum
816 759 863 796 iis
904 757 1045 806 est,¹⁸⁹)
1086 759 1236 797 etiamsi
1282 760 1366 809 ipse
1405 758 1541 798 Ulixes
1585 772 1664 798 non
1711 767 1788 797 tam
1834 764 1989 809 propter
2034 759 2360 809 pulchritudinem

101 823 316 861 carminum
335 833 451 872 quam
470 821 568 870 ideo,
598 821 701 871 quod
721 822 803 872 ipse
821 822 1038 860 interfuerit
1055 821 1172 860 rebus
1199 835 1221 860 a
1240 821 1461 860 Demodoco
1480 822 1692 871 celebratis,
1720 822 1899 860 lacrimas
1923 826 2054 860 tenere
2071 833 2150 859 11011
2169 821 2363 872 1101631190)

100 909 150 913 -
178 887 260 937 ipse
288 885 392 923 enim
420 885 513 935 quin
555 896 638 923 sese
667 885 957 923 commiseretur
995 897 1074 924 11011
1101 886 1298 936 retinetur,
1337 885 1509 936 audiens,
1548 898 1647 937 quae
1684 890 1786 923 terra
1826 886 2002 936 marique
2040 885 2121 936 ipse
2160 897 2362 936 perpessus

100 949 220 996 sitm)
249 971 299 975 —
326 952 456 985 tamen
483 948 680 986 hominem
707 948 960 986 Homericum
988 948 1245 986 liberaliorem
1275 949 1468 999 quandam
1511 949 1800 986 delectationem
1844 953 1881 986 et
1913 948 2079 985 alienam
2107 961 2129 984 a
2156 948 2362 998 cupiditate

100 1014 283 1062 omnique
311 1011 439 1050 studio
468 1011 660 1049 commodi
689 1024 709 1049 e
738 1011 974 1049 carminibus
994 1013 1159 1062 petiisse,
1201 1024 1252 1050 ex
1290 1024 1335 1050 eo
1361 1012 1664 1063 intellegendum
1693 1012 1857 1060 videtur,
1897 1012 2000 1063 quod
2034 1017 2070 1049 et
2098 1016 2203 1050 vates
2231 1012 2362 1050 divino

100 1075 267 1126 quodam
296 1075 442 1112 honore
481 1074 721 1112 afficiebatur
748 1087 819 1112 nec
852 1075 1028 1112 rudiores
1056 1076 1148 1113 artis
1176 1076 1392 1114 carminum
1431 1076 1721 1113 condendorum
1750 1076 1901 1113 Phemii
1941 1082 1977 1113 et
2005 1074 2215 1113 Demodoci
2243 1082 2361 1117 erant.

100 1150 216 1189 quam
244 1141 286 1176 ut
314 1136 444 1176 idonei
471 1136 640 1176 habendi
668 1142 805 1187 essent,
834 1137 882 1176 ad
910 1150 1076 1189 quorum
1104 1138 1328 1190 exemplum
1354 1138 1549 1177 Homerus
1577 1139 1658 1190 ipse
1678 1150 1720 1177 se
1745 1143 2000 1189 componeret.
2055 1139 2120 1176 An
2148 1138 2361 1189 putandum

99 1205 166 1248 est,
194 1200 388 1238 Achillem
416 1201 539 1237 otium
567 1207 763 1238 conterere
792 1203 962 1251 potuisse
989 1203 1030 1239 in
1060 1202 1244 1239 canendis
1271 1202 1320 1239 ad
1347 1202 1533 1239 citharam
1561 1202 1741 1239 laudibus
1770 1208 1886 1252 atque
1925 1201 2135 1239 virtutibus
2169 1202 2359 1238 clarorum

98 1255 281 1300 virorum,
307 1254 385 1292 nisi
412 1264 456 1291 ea
483 1265 524 1291 re
553 1254 638 1303 ipsa
666 1254 876 1292 delectatus
903 1254 1109 1302 esset?¹⁹²)

288 1328 371 1378 Age
393 1337 483 1365 vero
509 1338 608 1377 quae
629 1331 708 1364 erat
724 1331 790 1365 aut
812 1327 937 1378 qualis
957 1328 999 1365 in
1020 1328 1175 1366 homine
1197 1327 1406 1366 Homerico
1436 1327 1598 1365 facultas
1622 1327 1802 1365 dicendi?
1840 1326 1880 1365 Si
1901 1327 2109 1377 quisquam
2131 1325 2259 1364 verbis
2279 1337 2357 1364 non

94 1391 265 1441 pepercit
279 1401 351 1427 nec
367 1390 496 1427 verbis
508 1390 694 1427 faciendis
721 1391 770 1427 ad
789 1390 982 1440 agendum
1000 1391 1208 1441 impeditus
1228 1396 1296 1439 est,
1314 1392 1348 1428 is
1368 1397 1469 1428 certe
1480 1392 1553 1428 fuit
1566 1392 1679 1427 homo
1695 1391 1937 1428 Homericus.
2023 1389 2150 1433 Quid?
2165 1401 2291 1426 nonne
2306 1390 2359 1426 ita

95 1464 228 1491 amans
247 1452 433 1503 loquendi
453 1460 543 1502 erat,
563 1458 606 1492 ut
625 1454 723 1491 nihil
740 1454 819 1492 fere
838 1465 950 1504 agere
969 1458 1108 1505 posset,
1129 1454 1233 1505 quod
1244 1466 1325 1492 non
1343 1454 1472 1492 verbis
1487 1454 1804 1505 complecteretur
1816 1452 1908 1499 ?¹⁹³)
1928 1464 2007 1490 non
2023 1453 2249 1503 priusquam
2268 1462 2357 1488 cum

94 1517 202 1555 hoste
230 1522 429 1567 pugnaret,
457 1517 552 1554 alter
580 1529 669 1555 cum
697 1518 815 1555 altero
844 1529 1059 1555 sermonem
1088 1517 1351 1565 eontuliti>¹⁹4>
1379 1530 1457 1555 non
1487 1518 1664 1567 quisquis
1683 1518 1723 1554 in
1745 1516 1900 1566 proedio
1929 1516 2128 1563 ceciderat,
2156 1527 2268 1564 quam
2291 1514 2358 1552 diu

93 1583 251 1630 poterat,
279 1590 368 1617 cum
388 1591 444 1629 e0,
473 1593 495 1618 a
515 1592 591 1630 quo
611 1581 739 1618 victus
758 1584 849 1628 erat,
877 1580 1092 1618 collocutus
1113 1580 1268 1627 est?¹⁹·'’)
1315 1580 1458 1619 Omitto
1478 1581 1615 1629 dicere,
1636 1585 1780 1630 quanta
1797 1579 1979 1617 facundia
1997 1579 2112 1617 fuerit
2132 1574 2355 1625 Ulixes,¹⁹⁶)

95 1649 238 1694 quanta
255 1644 406 1693 Nestor,
426 1646 538 1683 cuius
558 1645 770 1682 orationem
790 1643 1003 1681 dulciorem
1022 1644 1136 1681 melle
1154 1644 1274 1681 labris
1295 1643 1505 1681 defluxisse
1529 1644 1612 1693 ipse
1632 1643 1828 1680 Homerus
1848 1640 2033 1688 dicit;¹⁹⁷)
2054 1641 2350 1691 praetermittam

92 1707 191 1745 illud
220 1709 346 1758 etiam,
375 1709 492 1747 totius
520 1707 654 1746 Iliadis
682 1711 719 1745 et
747 1708 864 1745 totius
892 1706 1088 1755 Odysseae
1122 1708 1307 1745 maiorem
1348 1711 1496 1757 partem
1536 1711 1711 1744 constare
1751 1705 1995 1744 sermonibus
2030 1711 2067 1742 et
2094 1703 2348 1751 orationibus3

92 1783 170 1809 non
200 1771 324 1810 dicam
344 1784 394 1810 ne
412 1771 511 1809 illud
532 1771 700 1822 quidem,
720 1771 869 1809 nullam
887 1782 970 1809 esse
990 1771 1108 1808 animi
1129 1770 1466 1821 perturbationem,
1481 1770 1630 1808 nullam
1652 1768 1912 1820 cupiditatem,
1941 1768 2090 1806 nullam
2110 1767 2354 1815 alacritatem,

92 1835 240 1873 nullam
248 1836 452 1884 tristitiam,
465 1835 619 1873 nullum
635 1835 802 1885 denique
820 1845 944 1885 genus
952 1833 1207 1882 affectionum,
1221 1845 1320 1884 quae
1340 1833 1501 1883 quidem
1509 1832 2039 1882 illorumhominumpropria
2052 1842 2135 1868 6336
2148 1830 2353 1880 potuerint,

92 1909 190 1948 quae
214 1910 294 1936 non
313 1898 476 1936 dicendo
493 1909 677 1948 expressa
697 1898 775 1935 sint
788 1897 835 1935 ab
853 1898 1010 1935 homine
1028 1896 1245 1934 Homerico.
1284 1895 1360 1934 Sed
1374 1897 1468 1934 haec
1489 1896 1688 1934 brevitatis
1704 1908 1821 1933 causa
1840 1896 2018 1945 relinquo
2034 1894 2177 1939 omnia;
2201 1897 2353 1930 tantum

91 1960 193 1998 dico:
212 1962 295 2009 ,nisi
309 1961 425 1999 homo
441 1960 674 1999 Homericus
702 1964 781 1998 tam
800 1960 963 1998 affabilis
984 1959 1121 1997 fuisset
1138 1963 1175 1997 et
1189 1964 1267 1997 tam
1283 1959 1449 1997 libenter
1471 1959 1720 2009 colloquendi
1739 1959 1889 2008 copiam
1903 1958 2063 2005 fecisset,
2087 1968 2164 1994 non
2181 1956 2354 2005 potuisse

86 2023 181 2070 fieri,
198 2028 241 2062 ut
251 2035 390 2074 graeca
403 2025 538 2074 lingua
553 2028 751 2073 tantopere
759 2024 1009 2061 excoleretur.
1047 2022 1097 2061 Et
1111 2024 1194 2072 ipse
1208 2023 1322 2061 homo
1338 2022 1569 2061 Homericus
1588 2023 1784 2061 neminem
1798 2033 1882 2060 esse
1896 2021 2091 2060 eruditum
2105 2019 2353 2068 existimavit,

87 2086 164 2123 11131
193 2087 260 2136 (1111
288 2086 429 2125 diserte
456 2090 493 2124 et
527 2087 680 2137 copiose
708 2085 835 2124 dicere
861 2090 1000 2136 posset.
1054 2086 1176 2123 Testis
1196 2090 1253 2123 est
1271 2085 1461 2135 PhoeniX,
1476 2085 1642 2123 Achillis
1670 2089 1902 2136 praeceptor,
1923 2095 2044 2134 quum
2063 2082 2166 2130 dicit,
2196 2094 2218 2118 a
2237 2081 2353 2119 Peleo

88 2160 128 2186 se
156 2149 397 2187 admonitum
424 2161 519 2199 esse,
547 2153 590 2187 ut
616 2149 809 2187 Achillem
837 2149 1004 2187 efficeret
1032 2153 1192 2187 orator
1203 2161 1270 2187 em
1297 2149 1413 2187 verb
1424 2161 1557 2187 orum
1585 2153 1831 2198 actoremque
1858 2145 2074 2191 rerum.¹⁹⁸)

274 2223 417 2269 Restat,
458 2227 501 2262 ut
542 2223 700 2262 doceam
741 2223 937 2261 hominem
977 2222 1231 2261 Homericum
1269 2234 1357 2261 eum
1385 2223 1516 2272 fuisse,
1558 2235 1580 2261 a
1621 2234 1699 2273 quo
1741 2221 1919 2260 nonnihil
1965 2220 2113 2258 discere
2141 2219 2349 2269 possimus.

87 2283 233 2330 Quodsi
266 2298 346 2325 non
387 2291 454 2336 est,
493 2299 563 2325 cur
602 2287 785 2325 virtutem
825 2286 946 2324 ullam
975 2286 1024 2324 ad
1062 2286 1294 2325 imitandum
1337 2286 1450 2325 nobis
1491 2298 1762 2337 proponamus,
1804 2296 1881 2335 qua
1918 2284 1992 2334 ipsi
2033 2293 2171 2320 sumus
2213 2282 2350 2330 ornati,

86 2350 271 2399 sequitur,
298 2354 343 2388 ut
369 2363 449 2389 11011
476 2350 698 2400 habeamus,
727 2350 832 2400 quod
859 2350 1056 2388 hominem
1073 2349 1327 2388 Homericum
1354 2350 1608 2399 aemulemur,
1635 2350 1710 2387 nisi
1738 2360 1782 2386 ea
1800 2347 1947 2394 habeat,
1976 2357 2076 2396 (11166
2103 2357 2176 2383 1103
2204 2344 2347 2383 habere

85 2412 355 2463 cupiamus,
382 2426 462 2451 non
490 2413 758 2451 habeamus
814 2412 878 2450 Ex
905 2425 981 2464 quo
1008 2413 1050 2450 id
1077 2424 1319 2463 consequens
1346 2413 1501 2451 videtur
1528 2425 1623 2462 esse,
1652 2413 1685 2450 si
1712 2411 1906 2448 hominem
1932 2408 2188 2446 Homericum
2212 2412 2347 2457 aptum

85 2474 362 2526 existimemus,
391 2488 507 2527 quem
534 2476 665 2527 aliqua
692 2488 744 2515 ex
770 2480 878 2527 parte
904 2477 1112 2527 imitemur,
1139 2488 1211 2515 1103
1230 2476 1396 2526 credere,
1424 2488 1515 2515 eum
1543 2474 1775 2527 quibusdam
1803 2472 1915 2511 bonis
1945 2470 2221 2521 commendari,
2250 2481 2350 2521 quae

84 2538 310 2578 enitendum
338 2540 388 2579 sit
406 2544 451 2580 ut
468 2552 552 2590 nos,
574 2541 608 2579 si
625 2540 860 2592 fieri'possit,
888 2551 1107 2591 sequamur.
1141 2539 1248 2586 Quae
1275 2543 1367 2578 sunt
1386 2551 1431 2578 ea
1448 2539 1561 2589 bona,
1582 2538 1723 2590 quibus
1743 2537 1859 2574 homo
1878 2534 2114 2573 Homericus
2133 2533 2340 2573 utebatur?

81 2599 177 2636 Pars
205 2613 260 2648 ea,
289 2615 389 2651 quae
416 2616 496 2640 non
522 2605 601 2640 iam
627 2603 712 2640 fieri
740 2607 875 2652 potest,
902 2607 947 2639 ut
961 2615 1033 2639 nos
1053 2603 1212 2652 quidem
1230 2615 1525 2652 consequamur,
1552 2614 1640 2650 pars
1660 2613 1714 2647 ea,
1743 2610 1842 2647 quae
1861 2610 1911 2635 ne
1929 2610 2107 2646 unquam
2127 2598 2349 2646 perdamus,

73 2663 294 2712 ‘optandum
329 2670 395 2703 est.
450 2667 517 2704 Ac.
551 2678 601 2704 ne
644 2667 732 2717 quis
773 2670 914 2703 temere
955 2666 1029 2703 hoc
1071 2678 1094 2702 a
1133 2665 1246 2703 nobis
1287 2665 1367 2703 dici
1407 2665 1612 2711 existimet,
1655 2674 1700 2700 ea
1739 2660 1843 2699 bona
1883 2659 2053 2699 breviter
2093 2671 2348 2710 exponemus.

80 2726 456 2777 Antiquissimorum
482 2730 603 2780 igitur
629 2733 846 2780 temporum
872 2729 1049 2767 homines
1074 2728 1228 2767 facilius
1256 2728 1306 2766 ad
1333 2740 1419 2766 eam
1445 2729 1627 2765 virtutem
1664 2736 1762 2775 quae
1797 2723 1898 2762 nihil
1925 2723 2035 2761 aliud
2066 2727 2125 2761 est
2154 2735 2272 2774 quam
2298 2722 2348 2760 ad

80 2799 276 2827 summum
302 2791 490 2841 perducta
515 2796 655 2830 natura
682 2795 951 2842 pervenerunt,
994 2791 1100 2842 quod
1126 2791 1226 2828 nihil
1253 2791 1495 2842 appetierunt
1528 2789 1605 2826 nisi
1646 2787 1752 2838 quod
1778 2787 1937 2837 assequi
1976 2790 2162 2836 poterant
2170 2785 2238 2832 ¹⁹⁹)
2290 2786 2345 2823 At

78 2862 170 2889 vero
197 2852 236 2900 ii,
266 2854 335 2902 qui
361 2866 468 2893 nunc
495 2859 597 2904 sunt,
624 2858 758 2905 utpote
786 2866 909 2904 quum
936 2866 982 2892 ea
1008 2857 1231 2904 sequantur,
1260 2865 1359 2903 quae
1385 2853 1540 2902 assequi
1556 2854 1763 2901 nequeant,
1792 2850 2017 2900 saepissime
2043 2861 2093 2887 ne
2115 2849 2156 2886 id
2185 2848 2343 2898 quidem

78 2913 356 2967 adipiscuntur,
385 2918 491 2970 quod
517 2923 690 2971 possunt.
747 2917 853 2966 Quae
879 2919 999 2970 igitur
1026 2917 1188 2957 virtutes
1227 2928 1333 2956 nuuc
1368 2915 1464 2955 aliae
1491 2913 1539 2953 ab
1567 2913 1653 2953 aliis
1681 2912 1873 2964 coluntur,
1915 2924 1980 2952 eas
2008 2923 2142 2951 omnes
2183 2911 2238 2950 ita
2263 2921 2343 2949 non

78 2979 263 3030 magistra
302 2980 556 3033 philosophia,
600 2984 667 3023 sed
708 2988 848 3022 natura
888 2983 987 3021 duce
1026 2981 1162 3020 habuit
1203 2982 1318 3018 homo
1345 2980 1590 3026 Homericus,
1633 2982 1676 3015 ut
1711 2990 1734 3015 a
1775 2977 1944 3028 quadam
1985 2977 2224 3015 humanitate
2264 2986 2342 3012 non

76 3041 307 3081 abhorreret.
362 3045 494 3095 Atque
521 3047 562 3084 id
590 3047 776 3085 latissime
803 3050 917 3097 patet.
971 3045 1073 3084 Nam
1101 3057 1221 3095 quum
1250 3043 1419 3091 modum,
1463 3043 1531 3092 qui
1558 3041 1765 3079 videbatur
1792 3042 1828 3079 ei
1856 3045 1901 3079 111
1927 3041 2075 3078 1101111111
2102 3038 2345 3080 retinendus,

2241 3108 2260 3139 7
