2519 3449
813 762 906 836 De
952 762 1246 836 homine
1291 760 1682 835 Homerico.

322 1276 432 1336 Quod
449 1288 631 1336 scriptum
650 1287 814 1336 legimus
834 1286 936 1336 apud
952 1285 1196 1331 Platonem,¹)
1222 1292 1400 1323 naturam
1420 1286 1629 1323 humanam
1649 1290 1822 1321 constare
1842 1288 1979 1330 mente,
1999 1284 2137 1325 animo,
2158 1282 2376 1332 cupiditate,

133 1360 246 1386 nemo
265 1350 430 1400 prudens
456 1350 655 1400 putaverit,
684 1361 705 1386 a
733 1361 884 1387 summo
913 1349 1142 1400 philosopho
1162 1355 1344 1399 negatum
1365 1360 1459 1397 esse,
1487 1348 1681 1385 hominem
1702 1359 1851 1397 semper
1878 1359 2001 1383 unum
2020 1346 2265 1396 eundemque
2291 1357 2375 1383 esse

135 1413 346 1463 quidquam
372 1414 431 1451 vel
458 1418 630 1463 agentem
666 1414 728 1450 vel
765 1414 964 1450 dicentem.
1019 1413 1171 1450 Etenim
1208 1414 1240 1449 si
1270 1414 1357 1461 quis
1392 1413 1440 1449 ad
1474 1412 1780 1461 cognoscendam
1815 1411 1990 1448 arborem
2023 1410 2120 1447 bene
2155 1410 2377 1447 distinxerit

134 1477 216 1514 eius
245 1480 281 1515 et
307 1481 480 1515 truncum
516 1484 552 1515 et
578 1489 703 1515 ramos
739 1483 774 1514 et
807 1476 899 1514 folia
927 1481 963 1515 et
990 1476 1170 1524 radicem,
1205 1476 1238 1514 is
1271 1488 1349 1514 non
1384 1474 1724 1525 reprehendendus
1760 1475 1818 1520 sit,
1856 1473 1959 1524 quod
1992 1473 2190 1523 particulis
2225 1477 2374 1511 tantum

133 1538 320 1590 tribuerit,
354 1544 537 1592 quantum
569 1551 644 1577 non
683 1539 822 1578 deceat.
876 1538 1011 1578 Omnis
1039 1539 1158 1591 igitur
1192 1538 1398 1590 disputatio
1417 1539 1500 1588 fert,
1527 1543 1571 1577 ut
1601 1537 1792 1589 quidquid
1812 1541 1949 1575 natura
1977 1540 2099 1575 totum
2127 1540 2163 1575 et
2183 1536 2376 1588 integrum

133 1604 192 1647 sit,
222 1615 243 1640 a
270 1604 491 1654 philosopho
521 1603 629 1653 quasi
659 1603 866 1640 divellatur
893 1608 929 1641 et
956 1607 1154 1653 tamquam
1181 1604 1222 1640 in
1249 1602 1422 1640 membra
1450 1602 1733 1652 discerpatur.²)
1789 1601 1901 1647 Quod
1931 1612 2053 1651 quum
2077 1601 2129 1638 ita
2157 1601 2215 1647 sit,
2245 1602 2373 1638 nescio

133 1678 183 1703 an
219 1679 294 1717 quo
330 1668 414 1717 quis
444 1667 656 1716 graviorem
691 1670 826 1703 tractet
860 1678 952 1714 rem,
987 1678 1031 1704 eo
1067 1668 1189 1716 magis
1224 1667 1438 1703 timendum
1473 1667 1532 1714 sit,
1572 1677 1621 1703 nc
1659 1666 1793 1716 paucis
1829 1664 2044 1701 satisfaciat.
2102 1663 2239 1713 Neque
2273 1665 2375 1701 enim

134 1731 258 1767 omnis
286 1730 348 1767 vel
375 1730 521 1779 partitio
541 1729 599 1767 vel
628 1729 766 1767 divisio
796 1734 873 1767 tam
901 1730 1068 1778 simplex
1097 1730 1251 1767 videtur
1278 1742 1360 1767 esse
1389 1742 1460 1767 nec
1487 1733 1564 1766 tam
1593 1728 1880 1766 accommodata
1907 1728 1956 1765 ad
1989 1739 2069 1764 rem
2099 1728 2223 1776 ipsam
2250 1727 2375 1776 expli-

134 1791 296 1830 candam
332 1805 443 1843 quam
486 1792 525 1829 in
560 1791 691 1830 arbore
727 1791 997 1843 dispertienda,
1043 1791 1111 1831 sed
1144 1795 1186 1830 ut
1228 1803 1404 1842 quaeque
1437 1803 1498 1830 res
1533 1790 1760 1829 difficillima
1793 1794 1850 1829 est
1882 1789 2079 1828 intellectu
2107 1801 2150 1827 ac
2178 1793 2375 1840 tamquam

131 1855 318 1904 plurimas
347 1855 411 1892 dat
427 1867 549 1902 ansaS,
575 1855 718 1904 quibus
737 1855 974 1892 reconditam
994 1856 1077 1893 eius
1096 1856 1176 1892 vim
1197 1867 1241 1892 ac
1260 1860 1437 1892 naturam
1456 1860 1585 1892 tenere
1604 1855 1808 1904 possimus,
1837 1854 1887 1890 ita
1907 1853 2100 1890 maximae
2119 1853 2373 1890 inveniuntur

133 1918 390 1955 dissensiones
418 1919 454 1955 in
483 1919 564 1955 eius
590 1918 763 1967 partibus
791 1919 854 1955 vel
881 1930 1021 1967 genere
1049 1919 1111 1955 vel
1138 1930 1300 1955 numero
1329 1918 1608 1955 constituendis
1636 1918 1936 1966 saepissimeque
1963 1916 2017 1964 fit,
2053 1920 2096 1953 ut
2132 1916 2235 1964 quod
2271 1917 2375 1965 prin-

133 1981 277 2031 cipium
306 1980 502 2020 divisionis
529 1981 610 2020 aliis
643 1981 837 2033 probetur,
877 1981 962 2020 aliis
991 1981 1198 2033 displiceat.
1253 1982 1318 2020 An
1352 1985 1544 2032 putamus,
1583 1985 1738 2031 propter
1775 1979 1888 2018 aliam
1923 1991 2079 2018 causam
2115 1979 2216 2018 nulli
2249 1979 2375 2019 adhuc

131 2044 359 2094 philosopho
384 2045 591 2094 contigisse,
620 2049 663 2082 ut
690 2057 768 2082 non
796 2045 921 2082 dicam
949 2045 1140 2093 omnibus,
1169 2045 1236 2082 sed
1263 2045 1396 2082 multis
1415 2044 1654 2095 persuadeat,
1682 2056 1773 2080 vera
1800 2055 1894 2091 esse,
1923 2055 2022 2093 quae
2042 2043 2241 2080 docuerit?
2295 2043 2375 2081 Nec

131 2119 224 2144 vero
252 2109 392 2146 mirum
419 2113 483 2155 est,
514 2108 613 2158 quod
641 2109 743 2147 idem
770 2108 890 2146 fatum
920 2110 1090 2147 carmina
1115 2108 1322 2147 Homerica
1350 2109 1580 2157 habuerunt,
1609 2109 1751 2158 quippe
1785 2107 1832 2145 de
1861 2107 2003 2157 quibus
2039 2107 2105 2157 qui
2140 2107 2375 2157 scripserunt

130 2172 307 2221 proxime
333 2172 423 2210 mihi
452 2172 652 2211 videantur
679 2173 727 2210 ad
756 2172 1049 2211 similitudinem
1077 2185 1210 2211 eorum
1238 2173 1428 2221 accedere,
1464 2174 1531 2224 qui
1566 2173 1613 2211 de
1647 2176 1784 2209 natura
1816 2183 1945 2208 rerum
1980 2171 2235 2222 scripserunt:
2277 2170 2372 2208 adeo

126 2235 201 2283 ipsi
231 2247 385 2285 quoque
412 2237 599 2285 ingentem
634 2237 832 2273 materiam
861 2237 1068 2273 exhaurire
1102 2249 1179 2273 non
1208 2241 1427 2286 potuerunt,
1466 2236 1561 2273 adeo
1600 2248 1678 2272 non
1719 2246 1829 2285 pares
1856 2234 2013 2271 fuerunt
2052 2234 2115 2271 vel
2154 2246 2304 2271 summo
2332 2235 2372 2270 in

128 2297 409 2348 distinguendis
446 2304 511 2336 aut
549 2300 719 2349 personis
759 2304 825 2337 aut
864 2299 959 2336 locis
998 2303 1065 2337 aut
1101 2299 1339 2349 temporibus
1379 2303 1444 2336 aut
1489 2299 1609 2336 animi
1647 2299 1870 2348 ingeniique
1907 2297 2154 2335 facultatibus
2193 2298 2371 2335 acumine

126 2372 299 2399 summae
316 2373 443 2399 rerum
461 2362 737 2413 proponendae.
786 2360 959 2407 Quorsus
979 2362 1074 2400 hoc?
1121 2361 1175 2400 Ut
1200 2362 1457 2413 intellegatur,
1486 2361 1581 2413 quid
1600 2373 1738 2400 causae
1758 2361 1820 2409 sit,
1849 2372 1919 2398 cur
1938 2372 1986 2398 ne
2005 2360 2118 2398 homo
2137 2359 2369 2398 Homericus

126 2425 284 2473 quidem
312 2425 405 2474 quid
421 2427 589 2472 senseriz,
618 2426 713 2475 quid
740 2426 917 2473 voluerit,
946 2426 1041 2475 quid
1068 2427 1239 2463 maxime
1258 2426 1520 2475 expetendum
1538 2426 1741 2475 putaverit,
1769 2426 1861 2461 satis
1886 2428 2129 2473 perspectum
2148 2423 2368 2461 habeamus.

124 2485 368 2537 Quamquam
396 2487 439 2526 de
467 2488 627 2539 singulis
656 2489 739 2526 eius
766 2488 986 2537 virtutibus,
1014 2489 1132 2538 vitiis,
1158 2488 1343 2537 moribus,
1370 2489 1556 2527 institutis
1584 2489 1658 2526 viri
1687 2488 1788 2526 docti
1817 2499 1896 2526 non
1929 2487 2030 2525 inter
2056 2498 2097 2524 se
2126 2486 2371 2536 dissentiunt,

123 2552 290 2588 attamen
316 2550 407 2589 haec
433 2552 560 2590 omnia
581 2563 660 2590 non
678 2552 732 2590 ita
758 2551 1000 2590 reduxerunt
1019 2551 1067 2590 ad
1086 2551 1296 2590 humanam
1323 2554 1515 2602 naturam,
1542 2555 1586 2590 ut
1611 2562 1691 2590 non
1719 2561 1856 2602 operae
1883 2550 2049 2601 pretium
2068 2549 2163 2587 mihi
2181 2549 2371 2600 videatur,

122 2624 206 2650 eam
234 2625 315 2651 rem
341 2618 556 2663 retractare,
579 2627 659 2653 non
689 2627 765 2665 quo
793 2619 919 2653 tantos
946 2616 1042 2652 mihi
1069 2627 1220 2653 sumam
1248 2616 1417 2665 spiritus,
1445 2620 1488 2653 ut
1515 2627 1675 2666 sperem,
1702 2615 1793 2663 fore,
1822 2618 1866 2652 ut
1893 2627 1916 2652 a
1942 2626 2004 2652 me
2030 2613 2072 2651 id
2098 2618 2370 2663 argumentum

119 2675 342 2726 perficiatur
368 2689 409 2715 ac
436 2678 685 2729 persolvatur,
714 2678 820 2729 quod
840 2679 914 2716 viri
933 2678 1046 2717 multi
1072 2678 1178 2729 iique
1198 2678 1410 2717 doctissimi
1438 2690 1516 2717 non
1543 2682 1754 2730 potuerunt
1773 2678 1983 2727 absolvere,
2012 2676 2079 2716 sed
2108 2677 2201 2728 quia
2227 2688 2368 2715 novam

120 2738 292 2791 aliquam
310 2741 494 2779 rationem
517 2752 562 2780 ac
586 2742 691 2780 viam
716 2742 828 2793 sequi
853 2741 947 2779 mihi
965 2752 1079 2793 posse
1097 2741 1241 2792 videor,
1267 2753 1384 2793 quam
1403 2745 1559 2781 secutus
1578 2745 1634 2781 est
1652 2753 1766 2780 nemo
1786 2742 1923 2780 adhuc.
1969 2740 2070 2780 Nam
2099 2740 2166 2791 qui
2193 2743 2281 2778 ante
2308 2750 2369 2778 me

121 2803 344 2853 diligentius
363 2804 401 2841 in
426 2805 526 2842 hanc
543 2816 624 2842 rem
649 2805 947 2854 inquisiverunt,
967 2817 1016 2843 ne
1041 2807 1230 2843 maturius
1251 2818 1367 2855 quam
1384 2818 1454 2856 par
1473 2809 1572 2843 esset
1590 2818 1721 2843 rerum
1739 2807 1943 2843 varietates
1962 2806 2191 2853 minuerent,
2220 2809 2369 2854 praeter

118 2867 386 2905 necessitatem
411 2880 465 2915 ea,
494 2880 591 2918 quae
619 2868 668 2906 ad
686 2868 883 2907 hominem
901 2868 1154 2908 Homericum
1181 2869 1492 2920 cognoscendum
1518 2870 1763 2919 pertinerent,
1792 2869 2149 2920 multiplicaverunt
2167 2879 2294 2921 neque
2318 2866 2367 2905 ad

118 2929 399 2980 simplicitatem
423 2930 613 2969 humanae
636 2935 797 2970 naturae
820 2932 1062 2982 rettulerunt,
1089 2932 1130 2971 id
1158 2932 1263 2984 quod
1287 2933 1363 2972 nisi
1388 2933 1605 2972 omisissent
1629 2935 1779 2972 constat
1804 2932 1980 2972 futurum
2005 2932 2136 2982 fuisse,
2163 2934 2207 2971 ut
2225 2922 2366 2982 paucas

119 2993 307 3042 quasdam
334 2994 434 3042 leges
463 2995 747 3043 constituerent,
777 2994 920 3044 quibus
948 2997 1101 3046 singula
1129 2998 1425 3034 continerentur.
1480 3000 1539 3034 Ac
1567 2997 1661 3033 mihi
1690 2997 1848 3047 quidem
1877 2999 1955 3034 non
1984 2997 2146 3035 dubium
2176 3000 2243 3043 est,
2271 2995 2366 3044 quin
