2519 3449
1214 140 1264 179 28

112 326 277 364 transire
304 326 436 376 nollet,
464 338 538 366 nec
566 327 759 379 quidquid
786 327 934 378 agebat,
962 328 1011 367 ad
1039 330 1331 380 sempitermum
1360 336 1510 381 tempus
1539 330 1737 380 referebat,
1764 343 1836 370 nec
1855 331 2038 371 siminus
2063 333 2186 386 factis,
2214 338 2254 374 at
2278 338 2381 374 certe

111 388 215 426 bona
240 389 443 428 voluntate
469 391 606 428 melior
632 402 715 428 esse
743 390 933 441 studebat,
961 404 1079 443 quam
1107 392 1174 430 lex
1203 399 1362 431 naturae
1388 393 1514 443 ferret,
1553 405 1626 432 nec
1651 395 1822 432 iustitiae
1859 395 2071 447 neglegens
2112 403 2193 437 erat
2219 410 2379 451 sperans

111 454 204 502 fore,
231 458 277 492 ut
304 458 482 493 mortuus
508 456 550 492 in
590 454 827 504 benignitate
857 455 919 493 dei
958 458 1261 506 conquiesceret,
1301 469 1374 495 nec
1412 457 1618 495 sevocabat
1656 462 1827 496 mentem
1854 471 1878 496 a
1917 459 2109 510 sensibus,
2149 475 2223 501 nec
2263 474 2379 512 quem

114 527 276 554 cursum
303 527 435 555 rerum
462 516 721 555 humanarum
749 517 1037 569 excogitaverat
1065 531 1088 558 a
1114 520 1343 559 necessitate
1369 518 1474 558 fatali
1502 523 1569 559 aut
1595 531 1618 559 a
1645 519 1731 573 lege
1758 524 1796 559 et
1822 520 1958 560 ordine
1992 525 2155 564 naturae
2180 536 2231 565 ne
2257 524 2372 577 plane

111 581 266 617 diversa
293 586 393 618 esset
419 581 587 618 timebat.
643 581 846 618 Praeterea
874 594 973 631 quae
1005 583 1054 619 ad
1082 585 1202 620 animi
1225 585 1443 633 mentisque
1470 583 1812 621 conformationem
1840 586 2109 634 cognoscenda
2137 591 2255 636 erant,
2298 598 2378 623 non

109 646 190 682 tam
217 642 370 682 infinita
397 648 463 682 aut
489 644 596 682 varia
623 647 742 693 erant,
771 647 815 682 ut
841 656 921 683 non
949 657 971 683 a
1000 647 1140 696 quovis
1167 647 1337 697 ingenuo
1364 646 1475 685 facile
1503 646 1754 695 discerentur,
1783 658 1861 697 quo
1879 647 2025 687 factum
2043 652 2112 698 est,
2139 653 2280 689 utnon
2299 649 2377 688 duo

111 707 226 757 quasi
252 717 395 757 genera
422 709 549 743 essent
575 706 789 755 hominum,
818 718 943 743 unum
962 718 1109 757 eorum,
1138 709 1205 759 qui
1233 709 1273 745 in
1313 709 1543 759 cogitatione
1568 708 1633 746 vel
1659 709 1701 746 in
1727 720 1859 747 rerum
1886 710 2210 762 contemplatione
2250 723 2379 750 versa-

108 773 255 819 rentur,
282 770 444 808 alterum
473 781 618 818 eorum,
646 770 714 819 qui
742 769 815 808 soli
843 768 893 807 ad
919 782 982 808 res
1009 771 1198 820 gerendas
1225 772 1304 821 apti
1332 775 1469 820 essent,
1499 772 1642 821 quippe
1683 785 1761 810 non
1789 773 1910 811 nimia
1942 774 2174 824 cogitatione
2200 775 2375 825 impediti

109 831 160 871 ad
187 831 390 884 agendum.
445 830 561 871 Unde
589 835 695 870 ortus
715 834 773 870 est
792 831 858 871 ille
877 844 1055 872 summus
1075 834 1250 872 omnium
1278 845 1501 884 consensus,
1531 835 1598 886 qui
1616 833 1843 886 ubicunque
1861 835 1978 887 viget,
2006 836 2152 888 singuli
2184 849 2264 877 non
2289 849 2378 889 pos-

109 901 201 934 sunt
230 896 460 947 degenerare
488 907 511 932 a
537 896 680 932 virtute
708 899 746 932 et
772 895 885 932 bonis
913 896 1099 945 moribus,
1129 908 1205 948 quo
1244 897 1446 935 deficiente
1472 897 1690 949 periculum
1717 901 1785 945 est,
1826 909 1876 935 ne
1903 898 1966 936 vel
2007 900 2175 950 optimus
2210 902 2378 952 quisque

109 960 157 997 ab
185 960 348 996 aliorum
377 959 659 996 consuetudine
686 959 859 995 discedat
899 963 937 995 et
978 960 1094 996 homo
1135 960 1235 996 male
1263 961 1473 1009 singularis
1512 960 1579 997 fiat
1619 973 1717 997 neve
1754 961 1974 1009 respublica
2012 968 2129 1010 atque
2170 963 2376 999 hominum

108 1023 269 1065 societas
298 1020 500 1062 dilabatur.
555 1019 819 1073 Inprimisque
858 1019 1012 1062 duabus
1054 1021 1180 1062 causis
1221 1020 1397 1062 effectum
1427 1026 1494 1073 est,
1536 1025 1579 1062 ut
1618 1021 1723 1063 idem
1760 1035 1894 1064 omnes
1935 1023 1985 1064 ad
2030 1037 2156 1065 unum
2191 1026 2378 1066 sentirent

106 1088 238 1138 itaque
266 1085 341 1123 sibi
370 1086 536 1136 quisque
563 1085 655 1121 item
683 1088 886 1133 constaret,
917 1096 1082 1136 quarum
1110 1097 1188 1122 una
1214 1089 1306 1134 erat,
1336 1085 1442 1136 quod
1469 1096 1582 1123 nemo
1609 1089 1700 1136 erat,
1729 1087 1825 1137 quin
1853 1087 2010 1125 eosdem
2039 1087 2130 1126 deos
2159 1087 2377 1126 adorandos

109 1161 193 1188 esse
219 1152 383 1198 putaret,
409 1159 507 1197 quos
536 1159 669 1184 omnes
708 1147 939 1193 adorabant;
970 1149 1098 1195 altera,
1143 1149 1248 1196 quod
1276 1148 1459 1185 omnibus
1486 1148 1641 1185 eosdem
1680 1149 1832 1186 labores
1874 1154 1991 1199 atque
2030 1151 2166 1187 eadem
2205 1152 2379 1199 pericula

107 1225 177 1266 pro
204 1212 328 1265 patria
347 1209 539 1251 servanda
560 1208 799 1261 suscipiendi
817 1214 986 1262 potestas
1012 1209 1112 1250 facta
1139 1214 1206 1261 est,
1235 1223 1357 1262 quum
1386 1209 1532 1250 bellum
1559 1210 1733 1251 Troianis
1760 1210 1955 1252 inferrent.
2010 1211 2137 1260 Quare
2165 1216 2203 1253 et
2228 1212 2378 1253 facilior

106 1280 189 1317 erat
207 1275 377 1314 hominis
396 1273 596 1312 Homerici
624 1273 727 1311 vitae
746 1273 919 1324 agendae
938 1274 1047 1322 ratio,
1077 1285 1198 1325 quum
1226 1285 1297 1312 suo
1327 1275 1494 1326 quisque
1513 1274 1598 1313 loco
1617 1275 1715 1313 nihil
1734 1278 1872 1327 ageret,
1901 1275 2006 1327 quod
2025 1287 2105 1315 non
2125 1275 2174 1314 ad
2202 1276 2377 1315 omnium

107 1342 272 1380 salutem
301 1345 339 1377 et
365 1339 571 1376 utilitatem
599 1338 808 1386 pertineret
834 1350 908 1374 nec
934 1338 1121 1375 festivitas
1150 1350 1239 1374 cum
1258 1350 1304 1374 ea
1332 1338 1533 1375 dicacitate
1561 1343 1598 1375 et
1622 1340 1746 1376 ironia
1773 1340 1980 1376 coniuncta
2007 1344 2099 1388 erat,
2128 1352 2227 1389 quae
2246 1341 2376 1377 nescio

102 1416 181 1457 quo
208 1407 321 1455 pacto
348 1401 505 1452 longius
533 1411 686 1452 serpere
713 1399 849 1450 solent,
878 1401 911 1439 si
946 1400 1121 1439 homines
1148 1400 1229 1439 suis
1267 1399 1386 1440 rebus
1425 1401 1674 1452 desperantes
1714 1402 1932 1453 opinantur,
1966 1414 2008 1441 se
2045 1405 2157 1441 natos
2199 1414 2283 1441 esse
2325 1401 2375 1441 ad

106 1478 271 1507 acumen
299 1465 447 1516 ingenii
474 1463 760 1503 ostentandum.

295 1528 422 1574 Quare
449 1527 540 1565 vide
567 1538 616 1565 ne
644 1527 759 1564 homo
787 1525 1019 1564 Homericus
1060 1527 1274 1564 imitatione
1303 1526 1446 1576 dignus
1473 1527 1523 1564 sit
1549 1530 1717 1576 eatenus,
1747 1527 1875 1577 quoad
1914 1539 2069 1566 omnem
2109 1528 2293 1565 virtutem
2321 1527 2372 1565 ad

100 1590 385 1643 rempublicam
412 1590 598 1629 tuendam
626 1593 791 1638 revocat,
820 1588 946 1639 quoad
976 1588 1196 1626 conditione
1224 1588 1396 1626 humana
1423 1592 1627 1627 contentus
1654 1593 1722 1638 est,
1763 1589 1892 1640 quoad
1937 1602 1983 1628 ea
2023 1590 2151 1628 officia
2191 1593 2369 1640 praestat,

104 1667 205 1707 quae
230 1655 424 1693 humanae
451 1658 612 1691 naturae
640 1650 894 1689 excellentiae
934 1655 971 1688 et
1005 1650 1184 1701 dignitati
1210 1650 1455 1701 respondent.
1512 1650 1587 1689 Sed
1628 1655 1800 1702 tempora
1841 1653 2046 1702 praeterita
2086 1652 2257 1690 revocari
2291 1663 2372 1690 non

103 1719 229 1769 magis
254 1721 419 1768 possunt
452 1728 569 1766 quam
612 1715 830 1765 quisquam,
871 1715 904 1751 si
933 1713 1091 1763 quidem
1119 1725 1228 1751 mens
1266 1718 1323 1751 est
1357 1725 1464 1762 sana,
1498 1717 1620 1752 aetate
1661 1714 1904 1753 corroborata
1944 1726 2215 1765 repuerascere
2252 1715 2368 1765 cupit.

102 1782 242 1833 Neque
269 1781 390 1831 igitur
417 1778 707 1818 assentiendum
750 1781 807 1815 est
833 1777 892 1826 iis,
922 1778 989 1827 qui
1030 1776 1220 1815 desiderio
1249 1776 1482 1816 Homericae
1522 1777 1771 1816 humanitatis
1812 1778 1913 1829 capti
1953 1777 2135 1828 aequales
2177 1780 2371 1827 accusant,

102 1844 210 1898 quod
238 1845 322 1883 eius
351 1846 529 1895 expertes
558 1842 646 1892 sint,
673 1840 743 1880 sed
761 1852 877 1892 opera
896 1839 1033 1890 danda,
1061 1843 1104 1879 ut
1122 1839 1480 1891 intellegamus,²⁰⁰)
1510 1841 1578 1892 qui
1602 1840 1747 1880 factum
1764 1841 1825 1891 sit,
1853 1845 1897 1881 ut
1915 1840 2151 1891 hominibus,
2180 1841 2248 1892 qui
2265 1851 2372 1879 nunc

99 1913 204 1958 sunt,
232 1908 391 1959 gravius
416 1906 614 1958 quoddam
642 1917 741 1943 onus
780 1906 1000 1942 iniunctum
1028 1906 1087 1953 sit,
1130 1916 1248 1955 quam
1274 1905 1333 1953 iis,
1363 1905 1432 1955 qui
1458 1904 1624 1942 heroicis
1650 1905 1887 1956 temporibus
1910 1905 2078 1943 fuerunt.
2133 1903 2246 1950 Quod
2273 1915 2372 1942 onus

101 1977 254 2012 tantum
283 1975 351 2020 est,
370 1974 412 2009 ut
433 1982 531 2021 quae
549 1969 662 2007 nobis
681 1972 774 2007 sunt
792 1968 1056 2019 expediendae
1076 1967 1323 2006 difficultates
1352 1967 1400 2005 ad
1426 1968 1544 2005 vitam
1565 1967 1759 2018 publicam
1779 1972 1817 2007 et
1835 1969 2026 2019 privatam
2044 1967 2373 2017 conformandam,

100 2036 326 2075 adiumenta
356 2037 393 2073 et
430 2033 567 2073 solatia
594 2031 791 2084 postulent
821 2034 858 2070 et
883 2032 1094 2082 requirant,
1135 2042 1302 2081 quorum
1343 2030 1459 2070 homo
1486 2029 1718 2069 Homericus
1759 2030 1909 2070 nullam
1936 2030 2072 2070 habuit
2099 2031 2372 2082 suspicionem.

100 2099 253 2146 Quibus
281 2099 401 2149 igitur
426 2109 497 2135 nos
526 2096 686 2147 quidem
729 2095 1002 2133 excruciamur
1029 2093 1240 2142 doloribus,
1274 2104 1408 2131 eorum
1436 2092 1630 2131 medicina
1663 2106 1741 2131 non
1767 2094 1934 2145 petenda
1961 2099 2019 2132 est
2046 2097 2113 2132 aut
2140 2094 2188 2131 ab
2216 2094 2374 2132 homine

101 2162 313 2201 Homerico
341 2164 407 2199 aut
435 2159 481 2198 ab
510 2159 692 2198 Homero.
828 2208 830 2210 r
1829 2168 1832 2172 ·

290 2223 374 2263 Nec
401 2227 531 2261 tamen
560 2222 755 2261 credimus
783 2232 959 2271 unquam
990 2219 1082 2268 fore,
1118 2222 1162 2256 ut
1203 2219 1375 2256 carmina
1401 2217 1611 2256 Homerica
1650 2218 1726 2269 legi
1768 2222 1835 2257 aut
1863 2218 2038 2257 adhiberi
2079 2218 2129 2256 ad
2167 2230 2309 2270 pueros
2337 2221 2375 2256 et

104 2288 370 2327 adolescentes
398 2285 632 2325 erudiendos
661 2285 899 2324 desinantur.
956 2281 1052 2328 Quis
1080 2283 1185 2321 enim
1225 2284 1283 2320 est
1322 2284 1447 2333 poeta,
1491 2282 1559 2332 qui
1586 2282 1708 2333 magis
1736 2281 1887 2332 efficiat,
1927 2286 1971 2321 ut
2012 2283 2124 2334 quasi
2166 2281 2376 2333 quandam

99 2351 284 2403 pusillam
312 2360 617 2401 expressamque
640 2349 851 2399 imaginem
879 2347 1071 2384 humanae
1098 2345 1200 2383 vitae
1228 2348 1265 2383 et
1293 2344 1440 2382 effictos
1467 2355 1595 2382 mores
1622 2349 1771 2384 nostros
1802 2346 1843 2383 in
1873 2345 2011 2384 alienis
2037 2346 2215 2396 personis
2242 2345 2376 2383 videre

100 2414 214 2453 nobis
232 2412 465 2452 videamur?
496 2413 583 2463 quis
603 2414 661 2450 est
678 2414 801 2463 poeta,
831 2410 900 2461 qui
927 2412 1090 2447 aetatem
1116 2407 1329 2445 iuvenilem
1356 2407 1481 2458 magis
1501 2406 1663 2445 delectet
1682 2409 1824 2459 quippe
1844 2409 1956 2460 quasi
1973 2409 2187 2447 iuvenilem
2213 2411 2377 2446 aetatem

98 2478 253 2530 generis
281 2476 445 2516 humani
471 2480 560 2515 ante
587 2475 720 2514 oculos
748 2477 786 2513 et
813 2473 963 2513 animos
993 2470 1239 2523 proponens?
1269 2470 1358 2522 quis
1385 2473 1444 2509 est
1469 2472 1593 2521 poeta,
1614 2471 1680 2522 qui
1706 2472 1830 2523 magis
1857 2471 2002 2511 alliciat
2029 2471 2234 2511 altitudine
2261 2474 2378 2523 atque

101 2542 268 2582 elatione
295 2540 481 2580 orationis
509 2542 547 2578 et
566 2538 820 2578 ornatissimis
841 2536 1076 2589 optimisque
1094 2534 1305 2573 versibus?
1360 2533 1500 2586 Neque
1517 2533 1637 2585 igitur
1654 2547 1731 2587 quo
1750 2546 1830 2574 uno
1855 2534 1935 2574 fere
1956 2535 2189 2587 copulantur
2214 2535 2316 2574 inter
2335 2546 2378 2574 se

103 2605 234 2645 studia
259 2605 493 2644 humaniora
518 2603 677 2641 vinculo
704 2602 746 2640 id
771 2602 910 2639 leviter
938 2598 1201 2637 dirimendum
1228 2602 1286 2636 est
1313 2599 1362 2636 iis
1380 2597 1631 2649 temporibus,
1660 2598 1802 2649 quibus
1822 2610 2036 2637 consensus
2059 2599 2236 2638 omnium
2252 2599 2378 2649 magis

98 2669 303 2720 magisque
330 2680 380 2707 ne
420 2669 552 2720 pereat
592 2665 808 2705 timendum
853 2666 921 2702 est.
976 2661 1027 2701 Et
1055 2673 1177 2713 quum
1217 2664 1396 2700 nostrum
1425 2659 1706 2700 Germanorum
1743 2674 1827 2701 esse
1867 2661 2059 2712 videatur,
2096 2662 2379 2701 humanitatem

99 2734 275 2770 veterum
303 2742 393 2770 cum
436 2731 485 2769 iis
513 2728 665 2779 studiis,
711 2740 811 2780 quae
854 2724 1136 2766 recentioribus
1175 2723 1417 2776 temporibus
1445 2724 1588 2774 vigent,
1630 2725 1672 2763 in
1715 2737 1839 2764 unum
1885 2725 2134 2775 confundere,
2179 2724 2376 2763 Homerus

99 2795 271 2834 maxime
295 2793 461 2833 idoneus
489 2796 557 2843 est,
587 2793 656 2844 qui
681 2792 896 2831 iuventutis
923 2792 1072 2829 mentes
1103 2787 1152 2827 ad
1180 2788 1363 2826 virtutem
1391 2786 1523 2838 fingat,
1552 2788 1664 2826 cuius
1689 2789 1861 2827 carmina
1885 2788 2102 2828 lectitantes
2130 2787 2268 2827 Graeci
2296 2787 2375 2839 ipsi

103 2858 308 2896 literarum
333 2858 456 2896 initiis
483 2856 625 2894 imbuti
666 2860 766 2893 sunt.
823 2854 882 2893 De
911 2852 1141 2903 antiquitate
1168 2852 1253 2901 ipsa
1281 2854 1422 2899 autem,
1461 2854 1505 2888 ut
1546 2851 1730 2889 conclusa
1769 2852 1867 2890 mihi
1909 2853 1987 2890 iam
2026 2851 2122 2890 haec
2162 2852 2213 2890 sit
2252 2852 2379 2889 omnis

100 2921 322 2973 disputatio,
348 2920 505 2960 videtur
531 2919 630 2958 nihil
658 2930 771 2970 posse
797 2916 1035 2970 praeclarius
1064 2913 1152 2964 dici,
1186 2926 1304 2965 quam
1332 2912 1443 2962 illud,
1484 2913 1526 2951 ni
1553 2912 1675 2964 fallor,
1702 2913 2019 2954 Ciceronianam:
2062 2913 2273 2965 antiquitas
2301 2925 2379 2965 quo

98 2985 260 3037 propius
290 2983 422 3022 aberat
450 2983 498 3022 ab
528 2986 617 3022 ortu
644 2983 718 3021 hoc
745 2982 885 3021 melius
915 2990 1014 3031 quae
1041 2980 1152 3016 erant
1179 2988 1271 3015 vera
1299 2976 1490 3015 cernebat.
