2519 3449
1262 151 1285 187 8

134 341 369 379 commoveri
397 344 518 390 putat,
547 352 624 390 quo
653 351 693 377 se
722 340 958 376 commoveri
992 339 1075 389 ipse
1110 341 1235 378 sentit.
1292 339 1420 386 Quare
1454 352 1576 390 quum
1611 343 1750 376 natura
1783 337 1994 375 delectatus
2029 340 2096 384 est,
2132 348 2212 373 11011
2243 336 2401 374 fortuito

134 407 200 441 aut
228 416 320 441 casu
349 403 390 440 id
417 403 512 450 fieri,
540 403 608 440 sed
628 402 865 452 benignitate
893 402 1067 439 numinis
1095 406 1221 452 putat,
1253 416 1376 453 quum
1394 404 1548 441 territus
1577 406 1645 449 est,
1672 401 1712 438 id
1740 402 1782 437 111
1808 399 2021 450 potentiam
2040 399 2212 436 numinis
2233 397 2398 444 confert,

135 478 258 517 quum
297 465 551 504 admiratione
589 465 748 503 affectus
787 467 855 513 est,
893 464 934 502 id
970 465 1045 502 nisi
1080 476 1100 502 e
1135 466 1325 516 sapientia
1362 466 1534 504 numinis
1572 477 1651 502 11011
1689 462 1994 513 intellegendum
2032 473 2116 500 esse
2155 460 2285 499 credit.
2341 460 2401 499 Ita

132 529 278 567 factum
307 532 375 576 est,
404 532 447 566 ut
475 540 519 566 eo
548 528 671 577 magis
700 527 748 565 ad
776 527 1004 577 religionem
1030 531 1146 577 atque
1174 528 1223 565 ad
1251 529 1538 566 venerationem
1573 527 1733 565 deorum
1766 526 2007 574 inclinarent,
2044 524 2149 576 quod
2182 524 2399 563 naturalem

133 593 323 630 rationem
351 593 526 629 omnium
552 603 682 630 rerum
709 590 871 629 reddere
900 603 978 628 non
1006 595 1192 641 poterant,
1221 597 1259 630 et
1288 604 1387 643 quae
1414 604 1508 642 gens
1536 591 1865 641 religiosissimam
1894 590 2069 626 omnimn
2102 588 2324 626 mortalium
2359 598 2400 625 se

133 656 333 706 praestitit,
361 666 405 693 ea
431 658 589 706 propter
615 654 656 692 id
683 655 813 705 ipsum
841 666 919 692 non
947 655 1072 704 potuit
1098 654 1235 700 facere,
1264 660 1308 694 ut
1326 657 1455 694 omnia
1475 655 1523 693 ad
1552 655 1749 705 quandam
1767 653 2034 691 necessitatem
2053 656 2214 690 naturae
2234 651 2399 690 referret.

132 718 182 755 Et
211 720 420 769 quisquam
448 717 650 764 dubitabit,
681 718 776 768 quin
806 717 877 754 hoc
904 728 1028 767 genus
1048 718 1251 756 hominum
1280 719 1522 769 aptissimum
1549 719 1607 765 sit,
1637 717 1742 768 quod
1762 717 1975 754 maximam
2002 714 2183 766 praebeat
2203 715 2400 753 materiam

132 782 182 821 ad
209 785 347 833 poe'ma
374 780 686 820 conficiendum?
733 780 787 819 Ut
814 781 917 819 enim
946 781 1113 831 quisque
1142 782 1189 819 ab
1219 784 1324 820 omni
1353 784 1606 821 concitatione
1635 782 1754 819 animi
1782 781 1952 817 maxime
1981 784 2102 826 vacat,
2136 780 2190 815 ita
2225 780 2401 829 proxime

132 845 182 884 ad
209 844 506 884 similitudinem
534 844 718 895 sapientis
739 844 906 883 hominis
926 844 1074 883 accedit
1102 844 1168 883 ille
1197 846 1366 896 quidem,
1395 846 1462 885 sed
1482 847 1639 884 minime
1659 845 1822 883 idoneus
1848 843 2004 881 videtur
2031 855 2125 890 esse,
2156 844 2224 894 qui
2253 846 2400 881 mentes

134 909 337 946 hominum
365 909 413 946 ad
440 908 746 946 misericordiam
774 912 841 946 aut
867 908 916 946 ad
944 909 1123 947 timorem
1151 916 1313 948 revocet.
1370 911 1434 948 An
1464 910 1671 960 quisquam
1704 912 1823 958 putat,
1853 907 2060 953 Achillem,
2095 907 2127 944 si
2159 906 2401 944 iracundiam

133 971 381 1018 cohibuisset,
410 983 501 1009 euni
528 972 704 1008 futurum
731 971 860 1018 fuisse,
889 972 1001 1008 cuius
1030 971 1165 1009 laudes
1194 976 1230 1009 et
1260 973 1421 1010 virtutes
1450 976 1602 1009 caneret
1631 970 1850 1009 Homerus?
1906 969 1981 1008 Sed
2011 970 2141 1021 nescio
2179 981 2256 1021 quo
2290 972 2401 1021 pacto

133 1034 181 1073 ab
203 1048 259 1083 eo,
290 1035 395 1085 quod
422 1039 502 1073 erat
520 1036 770 1084 propositum,
800 1034 994 1071 aberravit
1013 1037 1144 1072 oratio.
1188 1035 1290 1072 Deos
1309 1037 1428 1084 igitur
1446 1036 1639 1072 Homerus
1658 1036 1747 1071 facit
1766 1047 1844 1070 non
1864 1034 2113 1070 abhorrentes
2133 1033 2180 1069 ab
2201 1034 2403 1069 hominum

133 1101 272 1136 natura
301 1102 473 1146 eatenus,
502 1096 631 1148 quoad
659 1097 693 1135 ei
721 1096 905 1136 videntur
933 1097 996 1136 dei
1024 1101 1061 1136 et
1089 1098 1263 1137 homines
1292 1098 1430 1137 iisdem
1460 1098 1723 1148 voluptatibus
1752 1098 1997 1140 commoveri,
2036 1100 2075 1134 ut
2111 1109 2175 1133 eas
2211 1100 2403 1145 appetant,

133 1161 272 1198 iisdem
296 1161 507 1208 doloribus,
537 1165 579 1197 ut
607 1171 671 1197 eos
700 1160 903 1197 declinent.
962 1161 1143 1198 Attamen
1172 1161 1332 1199 deorum
1360 1162 1420 1200 vis
1455 1174 1499 1200 ac
1532 1168 1671 1200 natura
1706 1160 1753 1199 ab
1783 1159 2004 1199 homiuibus
2034 1159 2160 1197 differt
2195 1157 2401 1208 genere,²⁶)

136 1224 242 1272 quod
271 1224 329 1259 1111
357 1228 448 1259 sunt
477 1224 588 1268 beati,
618 1224 655 1258 hi
686 1234 762 1258 non
791 1224 892 1259 item.
941 1223 1085 1260 Omitto
1115 1225 1244 1260 omnia
1270 1224 1436 1275 epitheta
1465 1235 1701 1269 enumerare,
1731 1223 1873 1275 quibus
1895 1222 2108 1261 Homerum
2128 1232 2282 1273 operam
2312 1220 2403 1260 dare

136 1292 304 1338 apparet,
334 1292 377 1325 ut
406 1287 592 1333 ostendat,
622 1286 782 1324 deorum
811 1288 930 1325 vitam
958 1300 1037 1325 11011
1066 1288 1364 1338 comparandam
1391 1300 1475 1325 esse
1504 1301 1594 1326 cum
1623 1287 1864 1334 humana:²⁷)
1893 1295 2042 1324 tantum
2077 1286 2174 1333 dico,
2204 1286 2295 1322 deos
2323 1297 2402 1322 non

137 1354 216 1389 tam
244 1350 422 1388 homines
456 1350 642 1401 perfectos
683 1354 800 1400 atque
839 1350 1038 1389 absolutos
1066 1364 1149 1390 esse
1188 1364 1304 1402 quam
1343 1351 1445 1389 ultra
1482 1356 1661 1389 naturam
1700 1352 1909 1390 humanam
1948 1350 2137 1401 progredi.
2194 1348 2270 1394 Qui
2299 1350 2403 1387 enim

136 1418 261 1465 potest
289 1413 385 1462 fieri,
414 1419 456 1452 ut
484 1414 667 1464 Iuppiter,
696 1414 809 1451 cuius
838 1414 922 1465 ipso
956 1418 1055 1453 nutu
1085 1413 1275 1466 Olympus
1311 1414 1620 1464 concutiatur,²⁸)
1657 1415 1776 1453 ullius
1812 1414 1980 1453 hominis
2015 1413 2152 1452 similis
2189 1412 2401 1451 habeatur?

136 1477 218 1515 Nec
246 1478 377 1514 minus
406 1477 569 1524 quo,’²⁹)
598 1477 718 1514 altera
744 1490 865 1515 manu
892 1482 1044 1526 terram,
1073 1479 1192 1516 altera
1218 1490 1322 1516 mare
1342 1490 1556 1529 capessens,
1586 1482 1651 1526 aut
1679 1478 1855 1515 Minerva
1874 1475 2160 1528 Apolloque,³⁰)
2188 1479 2403 1526 spectatum

135 1540 318 1580 Hectoris
347 1545 383 1579 et
412 1541 543 1579 Aiacis
570 1544 764 1579 certamen
793 1541 1001 1592 singulare,
1030 1542 1142 1579 cuius
1162 1542 1425 1580 committendi
1452 1546 1628 1580 auctores
1657 1544 1899 1589 exstiterunt,
1928 1542 2269 1590 vulturum-{pares
2298 1552 2402 1578 sum-

135 1617 240 1642 mam
268 1605 400 1653 fagum
429 1604 691 1649 ascendentes,
721 1608 832 1640 extra
860 1615 950 1641 eum
978 1604 1138 1641 modum
1165 1605 1367 1654 prodeunt,
1396 1606 1463 1655 qui
1494 1605 1715 1642 hominibus
1744 1604 1934 1642 tenendus
1963 1609 2029 1642 est.
2086 1603 2168 1641 Nec
2202 1607 2331 1640 tamen
2359 1614 2403 1640 ea

137 1671 194 1705 est
215 1670 353 1704 natura
373 1666 544 1713 deorum,
574 1672 615 1703 ut
635 1666 731 1703 nihil
753 1667 813 1714 sit,
835 1666 941 1716 quod
969 1666 1119 1704 efficere
1146 1680 1222 1704 non
1243 1669 1409 1717 possint,
1440 1669 1585 1705 scilicet
1606 1681 1727 1717 quum
1748 1668 1859 1705 multi
1879 1669 1956 1705 sint
1977 1667 2040 1714 dii,
2068 1678 2144 1703 11011
2166 1670 2290 1716 potest
2308 1665 2402 1713 fieri,

137 1731 234 1781 quin
261 1730 358 1767 alter
383 1730 490 1767 alteri
517 1729 677 1767 obsistat
706 1730 768 1778 ita,
798 1733 841 1767 ut
871 1741 1155 1780 nonnunquam
1189 1730 1254 1768 alii
1283 1743 1373 1769 cum
1407 1732 1492 1770 aliis
1526 1733 1835 1781 coniungantur,
1858 1743 1934 1780 quo
1976 1730 2128 1768 facilius
2163 1730 2403 1767 adversarios

136 1795 303 1831 vincant.
362 1793 489 1838 Quare
525 1793 572 1830 ad
608 1793 840 1830 servandam
873 1793 1025 1830 Troiam
1060 1806 1138 1830 una
1172 1793 1285 1831 factio
1320 1794 1481 1832 deorum
1513 1794 1693 1832 omnibus
1730 1794 1877 1832 viribus
1912 1793 2119 1841 contendit,
2154 1797 2197 1831 ut
2233 1792 2402 1840 alteram,

135 1857 280 1907 quippe
310 1868 410 1906 quae
438 1867 522 1893 eam
552 1855 687 1893 urbem
715 1855 884 1893 dirutam
912 1860 951 1893 et
978 1856 1143 1894 deletam
1173 1857 1273 1905 velit,
1302 1858 1521 1907 superet,³¹)
1551 1862 1666 1908 atque
1686 1858 1825 1895 Ulixes
1854 1858 1948 1907 quin
1977 1860 2064 1907 post
2090 1857 2227 1906 longos
2255 1868 2403 1893 errores

136 1919 295 1957 domum
323 1918 465 1967 redeat,
495 1918 701 1970 Neptunus
729 1931 808 1957 non
836 1922 963 1971 potest
991 1919 1188 1971 impedire,
1217 1921 1366 1960 etiamsi
1401 1922 1435 1960 ei
1472 1934 1618 1960 moram
1653 1920 1847 1969 afferat.³²)
1903 1920 2040 1971 Neque
2076 1925 2206 1959 autem
2242 1919 2403 1958 deorum

134 1984 380 2033 singulorum
409 1988 575 2032 potestas
604 1984 657 2020 ita
684 1986 741 2020 est
770 1983 930 2020 definita
957 1987 994 2020 et
1023 1985 1133 2033 quasi
1162 1986 1362 2035 provincia
1390 1986 1458 2022 uni
1488 1997 1539 2022 ex
1567 1986 1614 2022 iis
1642 1986 1695 2022 ita
1722 1996 1914 2032 concessa,
1950 1988 1992 2022 ut
2030 1995 2106 2021 non
2144 1983 2209 2021 alii
2239 1983 2403 2020 aliorum

134 2047 266 2085 vicarii
289 2057 374 2084 esse
393 2047 550 2096 possint.
599 2045 712 2091 Quod
732 2047 807 2084 nisi
835 2047 888 2085 ita
907 2051 1018 2095 esset,
1038 2059 1116 2085 non
1135 2052 1262 2098 posset
1281 2048 1465 2098 intellegi,
1493 2048 1745 2098 quamobrem
1767 2048 1904 2086 Ulixes
1925 2053 1961 2085 et
1980 2049 2084 2085 Aiax
2103 2046 2402 2088 Telamonius³³)

133 2111 244 2147 missi
272 2110 321 2146 ad
340 2109 546 2156 Achillem,
574 2111 638 2147 cui
657 2109 945 2160 persuaderent,
974 2113 1018 2148 ut
1046 2122 1135 2148 cum
1154 2111 1446 2162 Agamemnone
1474 2112 1513 2149 in
1542 2112 1705 2162 gratiam
1724 2110 1875 2159 rediret,
1904 2109 2131 2161 Neptunum
2160 2110 2404 2160 potissimum

134 2178 396 2223 precarentur,
426 2176 469 2209 ut
496 2174 600 2222 ipsos
628 2174 830 2210 adiuvaret
857 2173 906 2210 ad
925 2174 1121 2211 Achillem
1148 2174 1399 2223 placandum
1431 2187 1520 2212 nam
1540 2175 1645 2225 quod
1664 2186 1782 2226 prope
1810 2185 1914 2226 mare
1943 2173 1991 2212 ad
2010 2173 2176 2211 Achillis
2196 2173 2405 2211 tentorium

136 2236 297 2287 profecti
326 2239 429 2284 sunt,
459 2248 503 2273 00
532 2248 610 2274 11011
638 2237 760 2275 coacti
788 2241 881 2275 sunt
908 2236 969 2275 dei
998 2238 1137 2275 marini
1165 2238 1371 2287 implorare
1399 2239 1603 2276 auxilium.

325 2320 384 2358 De
405 2320 480 2358 diis
500 2321 594 2370 ipsis
623 2322 722 2359 inter
742 2334 782 2359 30
802 2322 849 2359 de
869 2321 1047 2372 augenda
1068 2321 1129 2359 vel
1151 2322 1359 2360 minuenda
1380 2327 1567 2372 potestate
1587 2322 1824 2360 certantibus
1844 2322 2052 2372 loquimur.
2100 2320 2203 2366 Quid
2222 2320 2403 2358 tandem?

136 2383 194 2421 De
222 2384 299 2421 fato
328 2396 458 2421 11011110
487 2385 526 2420 111
548 2389 714 2421 mentem
734 2386 841 2423 venit
870 2390 1060 2436 quantum
1079 2385 1204 2422 valeat
1232 2398 1428 2424 summum
1449 2398 1605 2433 numen,
1635 2386 1740 2437 quod
1760 2386 1875 2423 homo
1895 2385 2127 2423 Homericus
2148 2397 2258 2433 μοῖραν
2282 2390 2404 2432 vocat,

137 2447 185 2483 ad
215 2447 446 2495 cupiditates
483 2447 644 2483 deorum
679 2448 935 2484 coercendas?
992 2447 1049 2483 Ea
1084 2448 1211 2496 igitur,
1248 2461 1347 2497 quae
1385 2449 1462 2485 fato
1492 2450 1700 2486 constituta
1735 2453 1837 2496 sunt,
1878 2460 1955 2485 11011
1994 2448 2108 2485 1110(10
2144 2447 2221 2495 alii,
2261 2446 2328 2483 sed
2356 2457 2405 2483 ne

137 2508 313 2560 Iuppiter
347 2508 505 2560 quidem
543 2509 687 2548 evitare
723 2516 788 2549 aut
822 2511 990 2560 effugere
1024 2515 1158 2560 potest.
1214 2510 1368 2549 Etenim
1405 2524 1526 2559 quum
1563 2513 1601 2548 in
1636 2524 1680 2548 00
1713 2517 1824 2551 esset,
1861 2516 1903 2548 ut
1932 2509 2253 2560 Sarpedonem³⁴)
2281 2509 2404 2545 filium

137 2572 243 2609 Iovis
272 2572 474 2610 Patroclus
506 2576 672 2620 necaret,
702 2571 874 2624 Iuppiter
902 2572 1082 2625 quamvis
1111 2572 1402 2612 commiseratus
1429 2572 1554 2612 filium
1590 2574 1832 2613 carissimum
1867 2574 2100 2612 moriturum
2139 2584 2293 2611 servare
2327 2585 2404 2610 11011

136 2637 272 2684 potuit.
330 2636 505 2684 Iuppiter
532 2637 652 2683 igitur
676 2647 721 2671 eo
751 2648 828 2672 non
855 2640 913 2673 est
941 2637 1119 2685 superior
1147 2636 1221 2672 diis
1249 2636 1345 2685 aliis,
1375 2637 1479 2687 quod
1508 2638 1542 2674 ei
1571 2637 1684 2674 liceat
1720 2643 1853 2674 contra
1880 2636 2000 2674 fatum
2032 2635 2247 2687 quidquam
2271 2634 2405 2684 facere,

137 2696 206 2736 sed
235 2698 327 2748 quia
356 2697 511 2748 longius
539 2699 580 2735 in
608 2702 806 2749 posterum
827 2701 1022 2750 prospicit,
1052 2700 1145 2749 quia
1171 2699 1322 2737 futuras
1350 2712 1411 2738 res
1439 2702 1492 2738 ita
1519 2701 1728 2751 praevidet,
1763 2706 1805 2738 ut
1826 2701 1873 2738 iis
1908 2698 2225 2738 administrandis
2253 2699 2404 2750 praesit.

137 2760 263 2807 Quam
292 2762 341 2800 ad
369 2774 448 2800 rem
479 2762 755 2812 explicandam
783 2764 912 2801 nescio
946 2775 995 2801 an
1030 2763 1230 2812 aptissima
1265 2764 1313 2801 sit
1347 2776 1450 2801 mors
1478 2764 1668 2802 Hectoris.
1724 2764 1823 2802 Nam
1859 2777 1962 2801 mors
1997 2764 2171 2800 omnium
2204 2763 2405 2801 hominum

137 2825 354 2864 necessaria
384 2829 451 2874 est,
487 2837 537 2863 ex
566 2838 643 2876 quo
672 2825 785 2864 facile
812 2826 1061 2876 intellegitur,
1097 2825 1350 2876 quamobrem
1377 2832 1533 2877 propter
1560 2828 1660 2866 hanc
1687 2829 1811 2878 ipsam
1840 2840 1997 2865 causam
2024 2827 2198 2863 homines
2226 2827 2407 2864 mortales

137 2888 382 2938 appellentur
416 2893 453 2925 et
488 2888 742 2938 quamobrem
776 2895 863 2937 αἶσα,
895 2901 1001 2938 μοῖρα,
1034 2897 1132 2940 μόρος
1167 2889 1329 2927 eandem
1365 2890 1531 2929 habeant
1558 2892 1638 2929 vim
1668 2903 1785 2943 quam
1813 2889 1981 2937 mors.³·'’)
2035 2888 2180 2928 Hector
2212 2890 2331 2940 igitur
2364 2892 2408 2929 ut

137 2951 241 2991 diem
267 2951 390 2990 obiret
409 2964 635 3002 supremum
664 2952 819 2990 Achille
848 2964 937 2991 eum
965 2954 1232 3002 interficiente,
1259 2966 1338 2991 non
1367 2962 1500 2992 auctor
1526 2955 1600 2993 fuit
1618 2955 1803 3006 Iuppiter,
1822 2966 1960 2992 verum
1979 2953 2127 2991 nullius
2145 2947 2308 2992 deorum
2332 2954 2407 2991 nisi

137 3015 281 3053 summi
308 3019 414 3053 tanta
442 3019 523 3053 erat
552 3014 806 3065 providentia,
836 3019 878 3053 ut
905 3017 940 3054 ei
968 3020 1164 3066 promtum
1193 3029 1238 3055 ac
1265 3022 1443 3067 paratum
1471 3024 1572 3056 esset
1610 3019 1651 3056 id
1684 3019 1997 3065 instrumentum,
2032 3028 2109 3067 quo
2141 3021 2255 3054 utens
2291 3028 2410 3066 quam
