2519 3449
1205 158 1254 196 15

101 362 211 388 suam
239 349 498 388 voluntariam
525 357 609 385 esse
635 344 785 394 iubens,
820 345 1029 385 dummodo
1055 346 1224 385 Hectore
1261 354 1395 389 necato
1429 347 1471 383 in
1505 357 1696 384 summam
1728 345 1891 396 gloriam
1927 346 2101 384 veniret?
2158 346 2246 385 Non
2274 347 2367 385 item

100 412 256 462 Hector,
285 413 353 464 qui
380 414 462 451 erat
488 410 572 449 eius
600 421 738 448 sensus
765 409 1010 460 publicorum
1040 410 1243 453 malorum,
1277 415 1439 449 mortem
1466 422 1536 461 pro
1561 410 1684 461 patria
1718 408 1979 449 occumbens?
2034 409 2170 461 Itaque
2189 408 2366 450 Socrates

102 488 257 516 causam
287 475 496 515 defendens
523 472 748 512 recordatus
776 473 889 524 est⁸³)
919 474 967 513 de
993 473 1073 513 fflio
1090 474 1262 513 Thetidis
1292 479 1454 513 mortem
1481 474 1690 526 gloriosam
1710 472 1934 511 obscuritati
1963 478 2000 511 et
2027 473 2232 512 humilitati
2262 475 2366 513 vitae

100 540 348 592 praeferente,
375 551 420 577 ac
448 549 570 588 quum
589 537 692 587 apud
719 537 868 575 iudices
895 538 1014 575 verba
1040 538 1192 587 faceret,
1219 550 1295 576 non
1326 538 1374 575 ad
1402 549 1533 588 preces
1562 536 1771 584 descendit,
1799 536 1878 586 sed,
1914 542 1957 575 ut
1984 538 2037 574 ait
2064 536 2208 586 Cicero,
2243 540 2294 576 ita
2323 540 2365 576 in

100 604 245 643 iudicio
274 603 410 654 capitis
443 612 513 652 pro
527 612 582 648 ,se
608 601 691 651 ipse
719 600 830 650 dixit,
870 606 913 640 ut
939 614 1019 640 non
1047 601 1216 652 supplex
1244 609 1310 640 aut
1337 614 1437 651 reus,
1472 601 1540 640 sed
1567 601 1751 651 magister
1778 604 1845 638 aut
1873 600 2054 639 dominus
2082 600 2278 640 videretur
2304 603 2364 641 iu-

102 665 296 714 dicum.⁸4)
348 665 482 704 Dices:
525 664 592 714 qui
626 663 804 701 laborum
838 676 999 703 suorum
1026 664 1176 704 nullam
1204 664 1319 702 aliam
1348 664 1567 702 desiderant
1600 662 1816 700 mercedem
1850 667 2000 713 praeter
2033 663 2133 702 hanc
2167 664 2293 703 laudis
2327 671 2365 704 et

100 730 258 779 gloriae,
285 729 344 765 illi
372 727 530 778 quidem
557 730 648 763 sunt
667 726 825 776 plurimi
854 727 1093 775 aestimandi,
1121 727 1189 764 sed
1217 728 1401 764 Virtutem
1427 727 1540 776 plane
1565 726 1774 776 perfectam
1801 731 1917 775 atque
1944 729 2116 765 numeris
2145 729 2226 765 suis
2253 729 2364 766 abso-

101 792 222 830 lutam
250 792 416 841 ideoque
443 794 600 840 propter
627 801 668 827 se
695 790 818 839 ipsam
847 789 1103 840 expetendam
1131 802 1209 828 non
1238 790 1404 828 assecuti
1432 794 1531 827 sunt.
1588 788 1628 827 Si
1657 789 1892 839 quaerimus,
1920 788 2095 828 Socrates
2124 791 2362 830 mortiferum

99 854 284 906 poculum
314 853 496 892 hauriens
524 863 651 903 neque
679 851 844 891 Achillis
873 852 1095 904 exemplum
1124 855 1280 890 secutus
1308 855 1365 890 est
1393 863 1519 903 neque
1543 851 1707 902 gloriam
1735 853 1931 903 appetivit,
1960 853 2103 905 quippe
2138 854 2364 906 simpliciter

101 918 271 955 officium
300 929 415 954 suum
453 914 716 965 111-3031311385)
771 915 846 953 Sed
880 916 1048 952 hominis
1074 915 1273 952 Homerici
1311 916 1471 952 consilia
1510 922 1546 952 et
1583 916 1683 951 facta
1725 917 1755 952 si
1796 916 1972 965 populari
2013 917 2179 965 quadam
2219 920 2362 956 trutina

101 982 380 1024 examinemus,
416 979 503 1030 quis
533 983 601 1028 est,
632 979 700 1029 qui
729 979 1013 1030 comparandus
1041 980 1090 1018 sit
1118 990 1205 1017 cum
1235 978 1418 1017 Achille?

288 1054 362 1093 Sed
389 1053 530 1101 redeat,
573 1053 676 1091 unde
704 1053 906 1101 aberravit,
949 1055 1078 1091 oratio.
1135 1053 1217 1091 Iam
1246 1053 1292 1091 de
1320 1053 1368 1091 iis
1397 1052 1603 1091 dicendum
1642 1058 1709 1101 est,
1745 1065 1912 1103 quorum
1941 1053 2054 1105 culpa
2082 1054 2230 1105 aliquid
2259 1068 2361 1095 com-

100 1119 263 1156 missum
291 1122 357 1156 est.
412 1117 607 1155 Delictum
636 1119 739 1155 enim
758 1130 836 1155 non
856 1119 1005 1156 tollitur
1032 1131 1088 1165 eo,
1118 1118 1222 1168 quod
1251 1118 1338 1167 quis
1366 1124 1433 1154 aut
1461 1130 1481 1154 a
1507 1117 1579 1155 diis
1607 1117 1816 1162 inducitur,
1848 1123 1888 1154 ut
1907 1118 2049 1155 iniuste
2078 1118 2201 1163 faciat,
2229 1126 2294 1157 aut
2314 1121 2361 1158 ab

100 1182 186 1219 aliis
214 1181 438 1219 hominibus
466 1181 514 1218 ad
541 1182 754 1231 nequitiam
783 1181 990 1219 adducitur
1018 1188 1083 1219 aut
1112 1181 1216 1231 quod
1243 1182 1363 1218 aciem
1391 1181 1536 1230 ingenii
1565 1182 1646 1218 sive
1684 1181 1902 1231 voluptates
1931 1182 2012 1219 sive
2032 1183 2170 1220 mentis
2199 1185 2360 1222 caecitas

97 1245 394 1294 praestringunt.
452 1242 603 1288 Quanta
647 1245 764 1291 igitur
805 1244 964 1281 scientia
992 1244 1137 1293 ingenii
1167 1243 1327 1280 humani
1355 1242 1549 1280 Homerus
1578 1255 1618 1280 se
1646 1243 1802 1293 praebet
1822 1244 1893 1281 hac
1913 1245 1950 1281 in
1982 1256 2022 1281 re
2043 1244 2360 1284 demonstranda!

101 1306 344 1357 Quantopere
372 1319 450 1344 non
480 1307 594 1344 modo
618 1307 871 1345 inexorabilis
899 1313 935 1344 et
962 1307 1210 1357 incorruptus
1238 1306 1359 1344 iudex
1386 1318 1555 1351 morum,
1591 1307 1657 1345 sed
1686 1308 1801 1345 etiam
1840 1308 1944 1357 mitis
1980 1314 2016 1345 et
2052 1307 2149 1345 lenis
2186 1308 2362 1348 defensor

98 1370 280 1408 vitiorum
309 1374 346 1408 et
373 1382 545 1408 errorum
575 1371 748 1408 exsistit!
803 1370 975 1408 Helenae
1006 1369 1163 1420 quidem
1197 1379 1398 1419 peccatum
1432 1381 1511 1406 11011
1546 1369 1593 1407 ab
1629 1382 1673 1407 eo
1709 1371 1902 1420 obtegitur
1929 1378 1995 1408 aut
2034 1372 2258 1414 occultatur,
2293 1374 2359 1411 sed

97 1433 388 1469 excusationem
417 1433 541 1480 habet,
572 1434 676 1482 quod
705 1434 856 1470 Paridis
884 1434 1037 1469 iuvenis
1066 1434 1104 1469 in
1133 1433 1268 1481 primis
1295 1432 1449 1481 pulchri
1476 1432 1750 1469 blandimentis
1787 1440 1967 1482 corrupta
2002 1436 2164 1483 patriam
2199 1443 2234 1471 et
2270 1448 2359 1472 eon-

96 1494 226 1545 iugem
261 1494 411 1544 deserit,
447 1495 552 1546 quod
586 1495 633 1534 ab
669 1496 752 1546 ipsa
780 1495 931 1534 Venere
967 1496 1002 1534 ei
1037 1494 1300 1546 persuadetur,
1331 1500 1372 1533 ut
1409 1507 1428 1533 a
1464 1501 1566 1533 recta
1602 1496 1664 1533 via
1700 1495 1978 1544 ab‹lucatur.⁸⁶)
2035 1495 2161 1542 Quare
2200 1497 2237 1536 id
2277 1511 2360 1549 spe-

97 1561 220 1595 ctasse
248 1558 403 1595 videtur
421 1558 627 1607 Homerus,
657 1565 699 1596 ut
727 1560 856 1596 minus
885 1570 928 1596 ea
957 1558 1004 1595 ab
1035 1559 1120 1595 aliis
1149 1559 1309 1595 crimine
1330 1558 1509 1595 adulterii
1529 1558 1852 1596 condemnaretur
1881 1572 1997 1609 quam
2025 1568 2179 1610 propter
2206 1562 2359 1599 calami-

96 1624 212 1657 tatem
240 1632 373 1658 eorum
425 1622 730 1659 misericordiam
769 1626 1037 1668 commoveret,
1082 1621 1149 1670 qui
1195 1620 1526 1658 benevolentiores
1568 1634 1684 1671 quam
1725 1621 1939 1659 acerbiores
1968 1623 2008 1658 in
2037 1622 2152 1660 rebus
2181 1624 2360 1662 humanis

96 1681 355 1722 diiudicandis
383 1696 424 1722 se
451 1684 687 1735 praeberent.
744 1683 855 1730 Quod
884 1684 917 1722 si
945 1687 1056 1734 poeta
1084 1687 1284 1722 assecutus
1311 1688 1378 1732 est,
1408 1695 1486 1721 11011
1515 1695 1559 1721 eo
1588 1684 1721 1733 effecit,
1765 1684 1868 1735 quod
1898 1686 2001 1735 ipsos
2030 1698 2140 1724 senes
2175 1687 2358 1726 Troianos

94 1744 266 1783 Helenae
285 1747 614 1796 pulchritudinem
635 1759 724 1785 cum
743 1747 996 1785 admiratione
1024 1747 1279 1797 adspicientes
1298 1746 1478 1794 finxit,⁸⁷)
1509 1747 1576 1784 sed
1597 1759 1652 1796 eo,
1682 1747 1786 1797 quod
1806 1747 1967 1790 Helena,
1997 1761 2073 1798 quo
2094 1751 2214 1797 magis
2243 1750 2357 1788 bene—

94 1809 302 1847 volentiam
330 1814 366 1848 et
393 1811 637 1849 clementiam
664 1811 808 1849 Priami
836 1815 873 1849 et
900 1811 1078 1849 Hectoris
1107 1816 1266 1861 experta
1294 1817 1360 1858 est,
1391 1823 1435 1849 eo
1461 1812 1588 1849 acrius
1615 1812 1873 1849 conscientiae
1898 1812 2020 1849 malae
2048 1813 2240 1851 morsibus
2269 1826 2354 1852 cru-

96 1872 194 1909 ciata
222 1873 374 1911 videtur
401 1885 494 1912 esse.
551 1873 653 1920 Quid
682 1875 933 1925 Agamemno,
964 1874 1057 1925 quid
1085 1875 1191 1925 proci
1220 1874 1445 1925 Penelopes,
1475 1874 1569 1925 quid
1598 1875 1697 1912 3111“.3
1753 1873 1896 1912 Omnes
1926 1875 1952 1911 ii
1972 1876 2200 1925 paenitentia
2231 1885 2357 1916 osten-

95 1934 202 1983 dunt,
230 1936 350 1985 aliter,
377 1937 410 1974 si
437 1937 662 1986 voluissent,
703 1950 743 1975 se
771 1938 895 1975 facere
923 1938 1105 1992 potuisse,
1146 1938 1221 1975 nisi
1251 1938 1355 1987 quod
1393 1939 1500 1988 proci
1529 1938 1576 1975 ad
1606 1943 1750 1975 tautam
1792 1939 2005 1987 nequitiam
2033 1941 2222 1989 progressi
2253 1949 2355 1987 sunt,

93 2002 136 2036 ut
165 1999 225 2037 vel
253 1999 412 2048 nollent,
441 2001 544 2051 quod
572 2002 691 2039 animi
720 2014 853 2040 eorum
882 2001 1062 2040 obstinati
1091 2009 1208 2042 erant.
1252 2002 1312 2040 vel
1342 2015 1419 2040 11011
1448 2009 1602 2051 possent
1643 2003 1691 2040 ad
1721 2003 1902 2040 virtutem
1931 2008 1966 2039 et
1991 2003 2191 2040 sanitatem
2220 2005 2356 2047 redire,

94 2061 197 2111 quod
225 2066 347 2100 morte
374 2063 638 2114 imprudentes
680 2066 850 2115 oppressi
894 2070 1011 2103 era'nt.
1066 2064 1115 2103 Et
1157 2077 1248 2103 vero
1288 2073 1399 2115 poeta
1440 2077 1519 2103 non
1555 2066 1673 2104 semel
1715 2066 1902 2116 singulari
1946 2074 2024 2104 arte
2067 2066 2358 2117 demonstravit,

93 2135 157 2161 003
185 2137 263 2162 11011
290 2127 367 2163 13111
395 2128 566 2176 potuisse
611 2133 759 2166 mutare
801 2134 966 2166 mentem
997 2135 1062 2165 aut
1103 2141 1229 2166 mores
1258 2129 1473 2176 emendare,
1513 2142 1749 2179 quamquam
1783 2131 1866 2167 eius
1895 2131 1947 2167 rei
1988 2131 2035 2166 iis
2063 2136 2230 2179 potestas
2258 2132 2358 2170 facta

92 2186 297 2226 videbatur
324 2200 407 2228 esse
435 2195 472 2228 et
501 2190 736 2242 benignitate
765 2190 962 2230 Minervae
998 2198 1033 2229 et
1065 2192 1335 2230 vaticinatione
1362 2192 1646 2241 Theoclymeui.
1701 2191 1756 2230 Ea
1785 2193 1887 2230 enim
1914 2198 1970 2230 est
1997 2193 2137 2230 mentis
2165 2197 2356 2244 perversi-

67 2243 161 2298 'tas,
189 2255 241 2299 ut,
272 2253 375 2300 quod
404 2254 570 2303 quisque
598 2254 839 2303 aliquamdiu
867 2256 991 2291 facere
1030 2261 1066 2292 et
1095 2255 1260 2292 voluerit
1289 2264 1324 2292 et
1352 2257 1529 2305 potuerit,
1565 2258 1597 2294 si
1637 2263 1789 2306 tempus
1826 2258 2077 2294 constitutum
2105 2260 2356 2306 praeterierit,

91 2324 169 2350 11011
198 2313 275 2351 13111
302 2316 433 2364 possit,
461 2317 610 2355 etiamsi
640 2317 741 2355 velit.
800 2317 957 2356 Ulixem
997 2330 1117 2368 quum
1161 2317 1317 2356 domum
1358 2318 1533 2357 rediisset
1561 2319 1734 2358 Minerva
1772 2320 1966 2357 adhortata
1996 2326 2063 2369 est,
2107 2326 2150 2358 ut
2178 2334 2199 2358 a
2229 2324 2357 2372 procis

90 2376 130 2412 in
160 2377 255 2413 atrio
283 2379 610 2418 tumultuantibus
639 2386 676 2418 et
696 2381 972 2418 bacchantibus
1000 2393 1139 2431 panem
1158 2387 1291 2431 petens
1318 2383 1570 2432 experiretur,
1600 2385 1686 2433 quis
1715 2395 1846 2420 eorum
1873 2383 2069 2421 beneficus
2090 2391 2157 2422 aut
2184 2385 2356 2424 liberalis

90 2442 200 2487 esset,
229 2440 317 2489 quis
349 2441 426 2479 iam
455 2455 608 2481 omnem
643 2444 921 2483 humanitatem
952 2446 1134 2493 exuisset,
1162 2444 1229 2482 sed
1257 2457 1306 2483 ne
1326 2446 1558 2495 sicquidem
1588 2459 1709 2484 unum
1729 2458 1776 2483 ex
1803 2446 1850 2482 iis
1879 2445 1950 2483 dea
1978 2452 2178 2485 servatura
2208 2449 2355 2497 erat.⁸⁸)

90 2500 187 2539 Item
212 2501 520 2552 Theoclymenus
547 2518 685 2557 procos
714 2507 830 2545 simul
858 2511 894 2546 et
922 2507 1190 2546 Telemachum
1230 2513 1473 2547 recusantem
1501 2513 1659 2547 matrem
1701 2520 1721 2546 e
1748 2509 1870 2559 patria
1898 2508 2013 2547 domo
2043 2509 2243 2550 demittere
2270 2513 2356 2551 irri—

90 2564 223 2603 dentes
238 2569 274 2603 et
290 2565 447 2606 distorto
463 2581 527 2607 ore
544 2582 698 2608 carnem
715 2576 913 2610 cruentam
929 2572 1171 2610 comedentes
1186 2572 1386 2623 fatumque
1401 2586 1517 2611 suum
1532 2586 1619 2611 cum
1636 2573 1801 2623 quadam
1820 2575 2093 2622 praesensione
2108 2587 2239 2613 rerum
2251 2576 2354 2615 tutu-

87 2640 219 2665 rarum
260 2628 395 2668 flentes
454 2634 715 2684 nequicquam
771 2634 981 2684 admonuit,
1024 2636 1180 2674 iamiam
1229 2648 1294 2674 eos
1338 2640 1420 2674 atra
1457 2637 1517 2675 ala
1555 2636 1831 2675 circumvolare
1869 2641 2033 2686 noctem,
2085 2639 2243 2677 iamiam
2290 2652 2355 2679 003

86 2690 299 2740 lamentari,
326 2692 483 2732 iamiam
509 2708 641 2734 muros
670 2709 806 2735 cruore
833 2710 1000 2747 manare,
1028 2699 1184 2736 iamiam
1212 2698 1370 2737 umbras
1398 2700 1439 2737 in
1467 2700 1701 2738 occidentem
1730 2704 1931 2749 vergentes
1960 2700 2010 2737 ad
2030 2701 2190 2740 erebum
2217 2715 2354 2753 prope-

84 2765 180 2801 rare,
208 2754 364 2792 iamiam
391 2757 512 2796 solem
541 2759 712 2798 deficere.
767 2760 801 2798 N
806 2772 849 2798 ec
881 2773 973 2799 vero
1003 2761 1216 2812 quidquam
1244 2762 1380 2812 effecit,
1409 2764 1483 2800 nisi
1510 2769 1553 2800 ut
1580 2762 1759 2800 omnibus
1786 2763 1909 2800 risum
1937 2764 2186 2812 moveret.⁸⁹).

272 2828 357 2877 Age
381 2841 474 2867 vero
501 2831 569 2869 illa
595 2845 657 2871 res
686 2838 871 2883 quantam
899 2834 1066 2872 declarat
1092 2835 1295 2873 hominum
1321 2837 1364 2874 in
1392 2836 1522 2874 multis
1550 2835 1666 2873 rebus
1694 2835 1909 2873 labentium
1929 2843 1966 2875 et
1986 2838 2120 2876 multis
2150 2840 2346 2877 erroribus

86 2889 345 2928 obnoxiorum
370 2891 684 2945 imbecillitatem,
721 2897 825 2947 quod
854 2900 932 2935 tam
961 2897 1135 2936 celeriter
1163 2904 1199 2937 et
1227 2902 1305 2936 tam
1332 2900 1475 2937 sensim
1500 2898 1814 2949 pedetentimque
1842 2911 1978 2938 eorum
2003 2906 2150 2940 mentes
2179 2903 2348 2941 alienan-

85 2956 149 2991 tur
176 2958 249 3003 ἄτῃ,
274 2966 392 3003 quam
418 2956 489 2993 vix
516 2962 641 3007 potest
669 2960 794 2998 credi!
849 2959 950 2998 Nam
986 2967 1046 3010 ἅςη
1081 2973 1131 2999 ex
1151 2974 1227 3012 quo
1256 2975 1278 3000 a
1304 2962 1397 3000 Iove
1415 2963 1498 3012 ipso
1517 2962 1726 3012 aliquando
1756 2975 1796 3000 se
1816 2963 1864 3001 ab
1894 2975 1939 3001 ea
1960 2969 2204 3003 occaecatum
2232 2966 2351 3004 fuisse

85 3016 271 3054 sentiente
297 3017 338 3054 in
373 3021 514 3056 terram
548 3022 688 3060 emissa
727 3022 847 3070 est,⁹⁰)
888 3024 929 3060 in
958 3025 1081 3074 capite
1121 3025 1321 3062 hominum
1356 3025 1538 3063 mollibus
1565 3025 1731 3075 pedibus
1759 3027 2025 3076 procedens91)
2068 3029 2242 3065 omnium
2268 3028 2347 3066 fere

2244 3109 2282 3131 9*
